3102 5000
563 301 783 362 ,15-

78 494 272 558 anctoritate
294 493 364 556 tolli
386 498 472 577 puto,
518 492 722 557 Demoticum
756 495 842 557 eninr
865 493 947 558 illud
971 493 1140 577 Stephani,
1175 494 1262 578 quod

78 601 117 662 in
135 600 320 664 testimonio
352 601 420 664 solo
454 606 514 683 001,
542 619 655 664 verum
679 619 748 664 esse
772 599 963 684 populiscitu
988 600 1141 683 quodam,
1176 601 1261 684 quod

78 709 190 770 exstat
222 704 254 768 0.
286 706 316 770 J.
349 707 389 776 A.
418 707 453 771 II
475 710 521 772 tit.
556 708 629 788 109,
662 706 895 790 comprobatur.
940 705 973 770 Is
1006 708 1105 789 00101,
1141 707 1197 790 qui
1227 707 1263 770 id

79 814 224 897 rogavit,
247 814 440 898 appellatur:
469 819 631 894 Στέφανος
658 807 879 895 Ἀντιδωρίδου
902 805 943 877 'E
963 862 1159 879 .......
1201 811 1264 888 Qui

79 921 154 984 sine
178 920 277 984 dubio
301 922 434 984 maritus
457 919 599 985 Neaerae
623 927 683 1000 est;
707 939 784 982 nam
809 919 895 1002 quod
919 922 1057 1004 primum
1077 919 1118 982 ad
1136 923 1263 1002 tempus

81 1030 214 1106 attinet,
255 1029 369 1092 titulus
401 1027 472 1109 1110,
507 1033 545 1091 01
584 1047 625 1092 ex
658 1026 962 1110 praescriptionibus
1006 1027 1137 1111 apparet
1175 1021 1263 1107 (,,1ιτὶ

82 1134 338 1215 Θεμιστοκλέους
372 1129 562 1217 ἄρχωντος“),
597 1135 636 1197 ad
674 1153 797 1196 annum
833 1130 935 1219 347l6
967 1134 1168 1198 revocandus
1201 1138 1262 1214 est;

84 1243 199 1325 paucis
223 1243 317 1306 annis
340 1247 413 1326 post
435 1243 612 1305 orationem
634 1241 670 1304 in
691 1239 849 1304 Neaeram
871 1241 1012 1306 habitam
1036 1259 1105 1304 esse
1130 1243 1263 1304 constat.

80 1349 174 1430 Tum,
197 1349 232 1412 id
267 1350 354 1432 quod
385 1349 521 1413 maximi
552 1349 707 1412 momenti
737 1353 797 1424 est,
829 1351 865 1410 in
893 1350 1037 1412 01011000
1059 1349 1130 1430 ipsa
1154 1350 1172 1426 ξ
1199 1348 1261 1410 121

84 1475 171 1519 unus
201 1475 218 1519 0
241 1455 317 1520 filiis
341 1456 495 1540 Stephani
518 1448 730 1539 Ἀντιδωρίδης
752 1459 899 1536 vocatur3
935 1456 963 1518 is
986 1455 1086 1538 igitur
1107 1458 1184 1516 noto
1206 1453 1263 1516 illo

84 1580 174 1625 more
197 1580 316 1626 nomen
340 1562 379 1626 ab
404 1582 464 1627 avo
488 1581 557 1644 suo,
587 1567 678 1645 patre
702 1560 864 1645 Stephani,
896 1562 1003 1625 traxit.
1051 1560 1132 1624 Cum
1156 1565 1263 1624 autem

83 1668 215 1732 nomine
233 1668 290 1732 illo
309 1661 470 1755 Ἐροιάδης
489 1669 727 1733 accuratissime
745 1669 861 1733 lacuna
883 1669 969 1732 tituli
989 1669 1167 1752 expleatur,
1190 1687 1264 1731 mea

83 1777 247 1838 sententia
269 1794 335 1838 non
356 1777 421 1839 iam
445 1775 590 1840 dubitari*
605 1782 722 1860 potest,
747 1778 826 1859 quin
848 1778 883 1839 in
906 1777 1087 1840 testimonio
1111 1779 1196 1838 10010
1219 1776 1265 1838 ita

84 1883 245 1965 scriptum
269 1883 317 1944 011.
328 1882 352 1966 1)
852 1925 855 1930 -

175 1988 218 2052 Et
240 1990 276 2051 in
299 1990 360 2052 hoo
383 1991 562 2053 testimonio
582 1991 664 2053 etin
682 1993 875 2055 testimoniis
894 1992 913 2072 ᾖ
933 1993 986 2071 21,
1005 1993 1057 2070 28,
1077 1991 1130 2070 32,
1149 1991 1201 2070 34,
1220 1991 1263 2052 47

83 2098 210 2160 0010101
240 2095 383 2160 Neaerae
414 2095 514 2160 verba
547 2089 567 2182 ἡ
595 2097 664 2158 νυνὶ
696 2090 905 2182 ἀγωνιζομένη
934 2097 1040 2160 addita
1071 2097 1264 2162 invenimus.

84 2203 183 2267 Unde
202 2202 486 2266 Westermannum
509 2224 581 2287 pag.
600 2206 643 2267 65
667 2210 752 2268 10010
776 2207 917 2288 coegisse
940 2204 1100 2285 existimo,
1121 2204 1201 2266 haec
1224 2202 1263 2266 ab

81 2310 200 2374 eodem
223 2329 292 2374 0000
315 2312 441 2394 scripta.
488 2309 648 2386 Quoniam
672 2317 781 2375 autem
809 2312 905 2375 huius
928 2311 1105 2375 testimonii
1129 2311 1265 2374 auctori·

84 2423 183 2482 tatem
210 2419 385 2480 certissimo
409 2423 596 2500 argumento
619 2417 742 2481 firmari
764 2419 916 2500 vidimus,
941 2418 1063 2499 0010110,
1087 2437 1170 2501 quae
1196 2417 1265 2479 dixi

71 2524 289 2607 testimoniis,
311 2525 376 2587 iam
398 2525 463 2587 illis
486 2523 592 2588 verbis
615 2545 682 2588 non
704 2545 803 2610 parva
825 2526 905 2590 fides
929 2525 1125 2591 conciliatur.

384 2687 413 2746 7.
437 2682 485 2748 De
509 2687 690 2749 testimonio
714 2707 743 2769 p.
771 2688 854 2750 1361
882 2687 900 2767 ξ
924 2689 975 2748 47.

176 2785 318 2873 Σάτυρος
360 2784 596 2877 Ἀλωπεκῆθεν,
645 2795 784 2873 Σαυρίας
825 2788 1040 2874 Λαμπτρεύς,
1094 2794 1266 2870 Διογείτων

83 2893 252 2982 Ἀχαρνεύς
273 2902 470 2982 μαρτυροῦσι
494 2894 660 2974 διαλλάξαι
677 2899 836 2984 διαιτηταὶ
852 2893 1015 2979 γενόμενοι
1030 2898 1108 2982 περὶ
1123 2897 1266 2979 Νεαίρας

84 3009 141 3091 της
165 3005 235 3068 νυνὶ
254 2997 479 3089 ἀγωνιζομένης
497 3011 662 3087 Στέφανον
683 3005 737 3067 καὶ
762 3009 938 3089 Φρυνίωνα.
962 3000 1019 3077 τοῖς
1038 3005 1072 3068 δὲ
1096 2998 1265 3082 διαλλαγὰς

82 3103 178 3192 εἶναι,
203 3105 281 3174 καθ’
305 3105 341 3182 ἃς
365 3107 543 3197 διήλλαξαν,
563 3110 631 3183 οἵας
654 3116 830 3195 παρέχει·αο
853 3105 1089 3195 Ἀπολλόδωρος.

586 3270 793 3351 Διαλλαγαί.·

178 3377 271 3444 Κατὰ
299 3373 378 3442 τάδε
414 3372 585 3463 διήλλαξαν
620 3383 787 3460 Φρυνίωνα
824 3379 877 3440 καὶ
912 3383 1089 3458 Στέφανον,
1128 3377 1266 3461 χρῆσθαι

82 3480 240 3569 ἑκάτερον
257 3485 384 3569 Νεαίρᾳ
400 3481 458 3556 τὰς
477 3483 545 3555 ἴσας
564 3478 683 3570 ἡμέρας
701 3489 759 3547 τοῦ
777 3481 876 3570 μηνὸς
897 3477 966 3567 παρ’
981 3481 1107 3553 ἑαυταῖς
1128 3478 1265 3561 ἔχοντας,

87 3589 130 3656 ἄν
152 3587 202 3678 μη’
222 3615 254 3655 τι
278 3587 354 3655 ἄλλο
379 3584 472 3654 αὐτοὶ
495 3583 603 3663 αῦτὸῐς
626 3588 866 3676 συγχωρήσωσιν.

178 3700 323 3781 Phrynio
346 3699 544 3783 Stephanum
562 3699 596 3761 in
619 3697 777 3762 iudicium
799 3703 981 3779 vocaverat,
1009 3699 1150 3781 primum
1180 3694 1265 3779 quod

88 3809 208 3872 iniuria
231 3806 387 3870 Neaeram
411 3807 446 3868 in
464 3805 643 3868 libertatem
661 3805 896 3886 vindicavisset'
915 3810 984 3868 tum
1005 3805 1092 3888 quod
1110 3801 1267 3867 nonnulla

87 3916 254 3995 retineret,
288 3931 371 3996 quae
402 3913 459 3976 illa
493 3912 630 3976 Athenis
659 3913 784 3996 fugiens
812 3931 829 3975 0
857 3912 952 3976 domo
987 3931 1045 3975 sua
1073 3912 1265 3976 abstulisset.

88 4021 215 4085 Amicis
242 4025 350 4083 autem
383 4018 576 4103 quibusdam
609 4018 793 4084 auctoribus
827 4039 923 4083 causa
951 4018 992 4083 ad
1021 4026 1086 4083 1100
1113 4019 1267 4081 diaetetas

89 4130 231 4212 privatos
255 4127 359 4190 delata
381 4131 437 4190 001.

181 4339 202 4407 ²)
222 4337 273 4393 Cir.
292 4337 483 4408 Dittenherger
501 4336 608 4409 Sylloge
627 4337 834 4406 inscriptionum
852 4337 997 4393 atticarum
1016 4353 1078 4407 pag.
1095 4340 1145 4391 168
1159 4351 1221 4392 aun.
