<?xml version="1.0" encoding="UTF-8"?>
<!DOCTYPE html PUBLIC "-//W3C//DTD XHTML 1.0 Transitional//EN"
    "http://www.w3.org/TR/xhtml1/DTD/xhtml1-transitional.dtd">
<html xmlns="http://www.w3.org/1999/xhtml" xml:lang="en" lang="en">
 <head>
  <title>
</title>
<meta http-equiv="Content-Type" content="text/html;charset=utf-8" />
  <meta name='ocr-system' content='tesseract 3.04.00' />
  <meta name='ocr-capabilities' content='ocr_page ocr_carea ocr_par ocr_line ocrx_word'/>
</head>
<body>
  <div class='ocr_page' id='page_1' title='image "./lelitisinstrume01riehgoog_0021.png"; bbox 0 0 3102 5000; ppageno 0'>
   <div class='ocr_carea' id='block_1_1' title="bbox 764 257 985 317">
    <p class='ocr_par' dir='ltr' id='par_1_1' title="bbox 764 257 985 317">
     <span class='ocr_line' id='line_1_1' title="bbox 764 257 985 317; baseline -0.005 -17"><span class='ocrx_word' id='word_1_1' title='bbox 764 257 985 317; x_wconf 72' lang='lat'>..14-</span> 
     </span>
    </p>
   </div>
   <div class='ocr_carea' id='block_1_2' title="bbox 285 429 1477 940">
    <p class='ocr_par' dir='ltr' id='par_1_2' title="bbox 285 429 1477 940">
     <span class='ocr_line' id='line_1_2' title="bbox 285 429 1477 515; baseline -0.002 -19"><span class='ocrx_word' id='word_1_2' title='bbox 285 452 385 498; x_wconf 91' lang='lat' dir='ltr'>nona</span> <span class='ocrx_word' id='word_1_3' title='bbox 407 431 622 496; x_wconf 81' lang='lat' dir='ltr'>Demosthene</span> <span class='ocrx_word' id='word_1_4' title='bbox 646 451 715 495; x_wconf 89' lang='lat' dir='ltr'>esse</span> <span class='ocrx_word' id='word_1_5' title='bbox 738 433 923 515; x_wconf 88' lang='lat' dir='ltr'>scriptam.¹)</span> <span class='ocrx_word' id='word_1_6' title='bbox 956 430 1009 494; x_wconf 83' lang='lat' dir='ltr'>Fnr</span> <span class='ocrx_word' id='word_1_7' title='bbox 1027 430 1194 514; x_wconf 88' lang='lat' dir='ltr'>permultis</span> <span class='ocrx_word' id='word_1_8' title='bbox 1217 430 1281 493; x_wconf 88' lang='lat' dir='ltr'>illis</span> <span class='ocrx_word' id='word_1_9' title='bbox 1299 431 1388 512; x_wconf 75' lang='lat' dir='ltr'>lociS,</span> <span class='ocrx_word' id='word_1_10' title='bbox 1411 429 1477 494; x_wconf 88' lang='lat' dir='ltr'>ubi</span> 
     </span>
     <span class='ocr_line' id='line_1_3' title="bbox 287 536 1475 621; baseline -0.003 -18"><span class='ocrx_word' id='word_1_11' title='bbox 287 540 404 603; x_wconf 80' lang='lat' dir='ltr'><strong>similia</strong></span> <span class='ocrx_word' id='word_1_12' title='bbox 426 540 478 603; x_wconf 84' lang='lat' dir='ltr'>vel</span> <span class='ocrx_word' id='word_1_13' title='bbox 500 540 680 603; x_wconf 81' lang='lat' dir='ltr'>molestiora</span> <span class='ocrx_word' id='word_1_14' title='bbox 704 559 801 621; x_wconf 89' lang='lat' dir='ltr'>quam</span> <span class='ocrx_word' id='word_1_15' title='bbox 825 557 862 604; x_wconf 88' lang='lat' dir='ltr'>ea</span> <span class='ocrx_word' id='word_1_16' title='bbox 885 538 1052 616; x_wconf 86' lang='lat' dir='ltr'>habemus,</span> <span class='ocrx_word' id='word_1_17' title='bbox 1093 557 1175 620; x_wconf 87' lang='lat' dir='ltr'>quae</span> <span class='ocrx_word' id='word_1_18' title='bbox 1198 536 1475 601; x_wconf 87' lang='lat' dir='ltr'>Westermannus</span> 
     </span>
     <span class='ocr_line' id='line_1_4' title="bbox 286 639 1475 730; baseline -0.003 -23"><span class='ocrx_word' id='word_1_19' title='bbox 286 649 489 730; x_wconf 78' lang='lat' dir='ltr'>vituperavit,</span> <span class='ocrx_word' id='word_1_20' title='bbox 518 665 620 710; x_wconf 90' lang='lat' dir='ltr'>unum</span> <span class='ocrx_word' id='word_1_21' title='bbox 644 664 802 730; x_wconf 87' lang='lat' dir='ltr'>apponere</span> <span class='ocrx_word' id='word_1_22' title='bbox 834 646 912 708; x_wconf 91' lang='lat' dir='ltr'>mihi</span> <span class='ocrx_word' id='word_1_23' title='bbox 943 645 1051 708; x_wconf 88' lang='lat' dir='ltr'>liceat:</span> <span class='ocrx_word' id='word_1_24' title='bbox 1083 645 1110 726; x_wconf 64' lang='grc' dir='ltr'>ἓ.</span> <span class='ocrx_word' id='word_1_25' title='bbox 1137 645 1200 708; x_wconf 84' lang='grc'>120</span> <span class='ocrx_word' id='word_1_26' title='bbox 1232 639 1315 727; x_wconf 80' lang='grc' dir='ltr'><em>πρὸς</em></span> <span class='ocrx_word' id='word_1_27' title='bbox 1343 639 1382 730; x_wconf 83' lang='grc' dir='ltr'>δη</span> <span class='ocrx_word' id='word_1_28' title='bbox 1408 640 1475 729; x_wconf 82' lang='grc' dir='ltr'>τὴν</span> 
     </span>
     <span class='ocr_line' id='line_1_5' title="bbox 285 743 1472 837; baseline -0.004 -19"><span class='ocrx_word' id='word_1_29' title='bbox 285 748 538 837; x_wconf 79' lang='grc' dir='ltr'><em>παρασκευὴν</em></span> <span class='ocrx_word' id='word_1_30' title='bbox 556 756 612 823; x_wconf 63' lang='grc' dir='ltr'>τίς</span> <span class='ocrx_word' id='word_1_31' title='bbox 625 745 798 830; x_wconf 80' lang='grc' dir='ltr'><em>ἀπολογίας</em></span> <span class='ocrx_word' id='word_1_32' title='bbox 814 753 940 814; x_wconf 81' lang='grc' dir='ltr'><strong><em>καὶτῶν</em></strong></span> <span class='ocrx_word' id='word_1_33' title='bbox 955 758 1129 834; x_wconf 73' lang='grc' dir='ltr'><em>μαρτυροῦν</em></span> <span class='ocrx_word' id='word_1_34' title='bbox 1149 743 1235 835; x_wconf 77' lang='grc' dir='ltr'><em>αὐτῷ</em></span> <span class='ocrx_word' id='word_1_35' title='bbox 1253 767 1472 832; x_wconf 87' lang='grc' dir='ltr'><em>παρεσκευ-</em></span> 
     </span>
     <span class='ocr_line' id='line_1_6' title="bbox 285 865 473 940; baseline 0 -16"><span class='ocrx_word' id='word_1_36' title='bbox 285 865 388 940; x_wconf 90' lang='grc' dir='ltr'><em>ασμέ</em></span> <span class='ocrx_word' id='word_1_37' title='bbox 393 881 473 925; x_wconf 90' lang='grc' dir='ltr'><em>νων.</em></span> 
     </span>
    </p>
   </div>
   <div class='ocr_carea' id='block_1_3' title="bbox 284 1035 1469 1888">
    <p class='ocr_par' dir='ltr' id='par_1_3' title="bbox 568 1035 1181 1132">
     <span class='ocr_line' id='line_1_7' title="bbox 568 1035 1181 1132; baseline -0.003 -32"><span class='ocrx_word' id='word_1_38' title='bbox 568 1039 596 1102; x_wconf 91' lang='grc'>6.</span> <span class='ocrx_word' id='word_1_39' title='bbox 642 1035 692 1100; x_wconf 89' lang='lat' dir='ltr'>De</span> <span class='ocrx_word' id='word_1_40' title='bbox 715 1038 897 1100; x_wconf 88' lang='lat' dir='ltr'>testimonio</span> <span class='ocrx_word' id='word_1_41' title='bbox 921 1058 951 1120; x_wconf 87' lang='lat' dir='ltr'>p.</span> <span class='ocrx_word' id='word_1_42' title='bbox 978 1039 1062 1100; x_wconf 84' lang='lat'>1358</span> <span class='ocrx_word' id='word_1_43' title='bbox 1087 1038 1181 1132; x_wconf 60' lang='lat' dir='ltr'>§Ab</span> 
     </span>
    </p>

    <p class='ocr_par' dir='ltr' id='par_1_4' title="bbox 284 1153 1469 1462">
     <span class='ocr_line' id='line_1_8' title="bbox 375 1153 1469 1247; baseline -0.001 -23"><span class='ocrx_word' id='word_1_44' title='bbox 375 1157 490 1247; x_wconf 77' lang='grc' dir='ltr'><strong><em>Αἰήτης</em></strong></span> <span class='ocrx_word' id='word_1_45' title='bbox 521 1155 690 1246; x_wconf 78' lang='grc' dir='ltr'><em>Κειριάδης</em></span> <span class='ocrx_word' id='word_1_46' title='bbox 721 1168 880 1244; x_wconf 87' lang='grc' dir='ltr'><em>μαρτυρεῖ</em></span> <span class='ocrx_word' id='word_1_47' title='bbox 908 1161 1189 1244; x_wconf 81' lang='grc' dir='ltr'><em>πολεμαρχοῦντος</em></span> <span class='ocrx_word' id='word_1_48' title='bbox 1227 1153 1329 1224; x_wconf 75' lang='grc' dir='ltr'><em>αὑτοῦ</em></span> <span class='ocrx_word' id='word_1_49' title='bbox 1356 1181 1469 1240; x_wconf 88' lang='grc' dir='ltr'><em>κατεγ-</em></span> 
     </span>
     <span class='ocr_line' id='line_1_9' title="bbox 285 1260 1469 1356; baseline -0.003 -24"><span class='ocrx_word' id='word_1_50' title='bbox 285 1273 444 1356; x_wconf 77' lang='grc' dir='ltr'><em>γυηθῆναι</em></span> <span class='ocrx_word' id='word_1_51' title='bbox 474 1273 618 1351; x_wconf 75' lang='grc' dir='ltr'><em>Νέαιραν</em></span> <span class='ocrx_word' id='word_1_52' title='bbox 644 1265 703 1330; x_wconf 71' lang='grc' dir='ltr'>τάν</span> <span class='ocrx_word' id='word_1_53' title='bbox 735 1269 803 1330; x_wconf 86' lang='grc' dir='ltr'><em>νυνὶ</em></span> <span class='ocrx_word' id='word_1_54' title='bbox 837 1262 1064 1354; x_wconf 77' lang='grc' dir='ltr'>ἀγωνιζομένην</span> <span class='ocrx_word' id='word_1_55' title='bbox 1095 1260 1162 1332; x_wconf 75' lang='grc' dir='ltr'>ἀπὸ</span> <span class='ocrx_word' id='word_1_56' title='bbox 1191 1270 1375 1350; x_wconf 82' lang='grc' dir='ltr'><em>Φρυνίωνος</em></span> <span class='ocrx_word' id='word_1_57' title='bbox 1407 1271 1469 1330; x_wconf 83' lang='grc' dir='ltr'>τοῦ</span> 
     </span>
     <span class='ocr_line' id='line_1_10' title="bbox 284 1369 1469 1462; baseline -0.001 -25"><span class='ocrx_word' id='word_1_58' title='bbox 284 1371 496 1462; x_wconf 74' lang='grc' dir='ltr'><em>Λημοχάρους</em></span> <span class='ocrx_word' id='word_1_59' title='bbox 527 1369 669 1455; x_wconf 82' lang='grc' dir='ltr'><em>ἀδελφοῦ</em></span> <span class='ocrx_word' id='word_1_60' title='bbox 696 1374 749 1436; x_wconf 86' lang='grc' dir='ltr'>καὶ</span> <span class='ocrx_word' id='word_1_61' title='bbox 777 1370 927 1460; x_wconf 79' lang='grc' dir='ltr'><em>ἐγγυητὰς</em></span> <span class='ocrx_word' id='word_1_62' title='bbox 958 1379 1106 1455; x_wconf 85' lang='grc' dir='ltr'><em>γενέσθαι</em></span> <span class='ocrx_word' id='word_1_63' title='bbox 1130 1375 1273 1458; x_wconf 82' lang='grc' dir='ltr'><em>Νεαίρας</em></span> <span class='ocrx_word' id='word_1_64' title='bbox 1300 1379 1469 1456; x_wconf 76' lang='grc' dir='ltr'><em>Στέφανον</em></span> 
     </span>
    </p>

    <p class='ocr_par' dir='ltr' id='par_1_5' title="bbox 286 1475 1467 1888">
     <span class='ocr_line' id='line_1_11' title="bbox 286 1475 1297 1568; baseline -0.004 -20"><span class='ocrx_word' id='word_1_65' title='bbox 286 1477 457 1568; x_wconf 81' lang='grc' dir='ltr'><em>Ἐροιάδην,</em></span> <span class='ocrx_word' id='word_1_66' title='bbox 481 1481 667 1566; x_wconf 76' lang='grc' dir='ltr'><em>Γλαυκέτην</em></span> <span class='ocrx_word' id='word_1_67' title='bbox 688 1487 853 1566; x_wconf 83' lang='grc' dir='ltr'><em>Κηφισιέα,</em></span> <span class='ocrx_word' id='word_1_68' title='bbox 878 1475 1113 1568; x_wconf 72' lang='grc' dir='ltr'><em>Ἀριστοκράτην</em></span> <span class='ocrx_word' id='word_1_69' title='bbox 1137 1481 1297 1566; x_wconf 86' lang='grc' dir='ltr'><em>Φαληρέα.</em></span> 
     </span>
     <span class='ocr_line' id='line_1_12' title="bbox 313 1588 1467 1672; baseline -0.001 -20"><span class='ocrx_word' id='word_1_70' title='bbox 313 1667 315 1672; x_wconf 21' lang='lat'><strong>¹</strong></span> <span class='ocrx_word' id='word_1_71' title='bbox 375 1589 429 1652; x_wconf 80' lang='lat' dir='ltr'>Ex</span> <span class='ocrx_word' id='word_1_72' title='bbox 450 1590 632 1653; x_wconf 88' lang='lat' dir='ltr'>testimonio</span> <span class='ocrx_word' id='word_1_73' title='bbox 656 1591 892 1672; x_wconf 82' lang='lat' dir='ltr'>cognoscimus,</span> <span class='ocrx_word' id='word_1_74' title='bbox 924 1595 989 1654; x_wconf 86' lang='lat' dir='ltr'>tres</span> <span class='ocrx_word' id='word_1_75' title='bbox 1013 1592 1106 1672; x_wconf 76' lang='lat' dir='ltr'>alveo,</span> <span class='ocrx_word' id='word_1_76' title='bbox 1130 1589 1343 1672; x_wconf 74' lang='lat' dir='ltr'>Stephanum,</span> <span class='ocrx_word' id='word_1_77' title='bbox 1368 1588 1467 1652; x_wconf 80' lang='lat' dir='ltr'>Glau-</span> 
     </span>
     <span class='ocr_line' id='line_1_13' title="bbox 286 1694 1465 1780; baseline -0.003 -18"><span class='ocrx_word' id='word_1_78' title='bbox 286 1702 388 1780; x_wconf 91' lang='lat' dir='ltr'>eeten,</span> <span class='ocrx_word' id='word_1_79' title='bbox 421 1696 652 1759; x_wconf 82' lang='lat' dir='ltr'>Aristocratem</span> <span class='ocrx_word' id='word_1_80' title='bbox 684 1715 741 1778; x_wconf 93' lang='lat' dir='ltr'>pro</span> <span class='ocrx_word' id='word_1_81' title='bbox 764 1695 887 1760; x_wconf 83' lang='lat' dir='ltr'>Neaera</span> <span class='ocrx_word' id='word_1_82' title='bbox 909 1696 1007 1760; x_wconf 92' lang='lat' dir='ltr'>fidem</span> <span class='ocrx_word' id='word_1_83' title='bbox 1030 1697 1269 1779; x_wconf 84' lang='lat' dir='ltr'>interposuisse.</span> <span class='ocrx_word' id='word_1_84' title='bbox 1326 1694 1388 1759; x_wconf 79' lang='lat' dir='ltr'>Cui</span> <span class='ocrx_word' id='word_1_85' title='bbox 1417 1697 1465 1760; x_wconf 90' lang='lat' dir='ltr'>rei</span> 
     </span>
     <span class='ocr_line' id='line_1_14' title="bbox 286 1795 1465 1888; baseline -0.003 -20"><span class='ocrx_word' id='word_1_86' title='bbox 286 1823 326 1868; x_wconf 89' lang='lat' dir='ltr'>ea</span> <span class='ocrx_word' id='word_1_87' title='bbox 334 1821 514 1888; x_wconf 88' lang='lat' dir='ltr'>repugnare</span> <span class='ocrx_word' id='word_1_88' title='bbox 524 1821 606 1885; x_wconf 89' lang='lat' dir='ltr'>quae</span> <span class='ocrx_word' id='word_1_89' title='bbox 616 1808 798 1885; x_wconf 85' lang='lat' dir='ltr'>sequuntur</span> <span class='ocrx_word' id='word_1_90' title='bbox 808 1804 839 1884; x_wconf 64' lang='lat' dir='ltr'>(S</span> <span class='ocrx_word' id='word_1_91' title='bbox 848 1803 904 1887; x_wconf 89' lang='grc'>41)</span> <span class='ocrx_word' id='word_1_92' title='bbox 914 1805 1155 1887; x_wconf 70' lang='grc' dir='ltr'><em>,διεγγυηθεῖσα</em></span> <span class='ocrx_word' id='word_1_93' title='bbox 1170 1795 1267 1865; x_wconf 73' lang='grc' dir='ltr'><em>δ’δττδ</em></span> <span class='ocrx_word' id='word_1_94' title='bbox 1277 1796 1465 1882; x_wconf 67' lang='grc' dir='ltr'>Στεφαίιουι</span> 
     </span>
    </p>
   </div>
   <div class='ocr_carea' id='block_1_4' title="bbox 285 1908 1465 1992">
    <p class='ocr_par' dir='ltr' id='par_1_6' title="bbox 285 1908 1465 1992">
     <span class='ocr_line' id='line_1_15' title="bbox 285 1908 1465 1992; baseline -0.006 -14"><span class='ocrx_word' id='word_1_95' title='bbox 285 1911 551 1978; x_wconf 87' lang='lat' dir='ltr'>Westermannus</span> <span class='ocrx_word' id='word_1_96' title='bbox 583 1929 650 1972; x_wconf 92' lang='lat' dir='ltr'>non</span> <span class='ocrx_word' id='word_1_97' title='bbox 680 1916 765 1973; x_wconf 86' lang='lat' dir='ltr'>recte</span> <span class='ocrx_word' id='word_1_98' title='bbox 796 1911 895 1974; x_wconf 85' lang='lat' dir='ltr'>docet</span> <span class='ocrx_word' id='word_1_99' title='bbox 941 1910 1031 1974; x_wconf 90' lang='lat' dir='ltr'>Haec</span> <span class='ocrx_word' id='word_1_100' title='bbox 1062 1911 1149 1974; x_wconf 91' lang='lat' dir='ltr'>enim</span> <span class='ocrx_word' id='word_1_101' title='bbox 1176 1928 1243 1972; x_wconf 91' lang='lat' dir='ltr'>non</span> <span class='ocrx_word' id='word_1_102' title='bbox 1273 1908 1465 1992; x_wconf 87' lang='lat' dir='ltr'>significant,</span> 
     </span>
    </p>
   </div>
   <div class='ocr_carea' id='block_1_5' title="bbox 215 2007 1509 3914">
    <p class='ocr_par' dir='ltr' id='par_1_7' title="bbox 215 2007 1509 3382">
     <span class='ocr_line' id='line_1_16' title="bbox 287 2007 1464 2101; baseline -0.005 -19"><span class='ocrx_word' id='word_1_103' title='bbox 287 2017 490 2101; x_wconf 82' lang='lat' dir='ltr'>Stephanum</span> <span class='ocrx_word' id='word_1_104' title='bbox 508 2016 658 2100; x_wconf 88' lang='lat' dir='ltr'>praedem</span> <span class='ocrx_word' id='word_1_105' title='bbox 676 2017 784 2098; x_wconf 81' lang='lat' dir='ltr'>fuisse,</span> <span class='ocrx_word' id='word_1_106' title='bbox 794 2018 851 2081; x_wconf 88' lang='lat' dir='ltr'>sed</span> <span class='ocrx_word' id='word_1_107' title='bbox 866 2037 903 2082; x_wconf 90' lang='lat' dir='ltr'>eo</span> <span class='ocrx_word' id='word_1_108' title='bbox 920 2024 1048 2081; x_wconf 88' lang='lat' dir='ltr'>auctore</span> <span class='ocrx_word' id='word_1_109' title='bbox 1062 2017 1154 2098; x_wconf 75' lang='lat' dir='ltr'>(cfr.§</span> <span class='ocrx_word' id='word_1_110' title='bbox 1165 2018 1208 2080; x_wconf 80' lang='lat'>40</span> <span class='ocrx_word' id='word_1_111' title='bbox 1225 2007 1464 2098; x_wconf 79' lang='grc' dir='ltr'><em>ἀφαιρουμένου</em></span> 
     </span>
     <span class='ocr_line' id='line_1_17' title="bbox 215 2117 1464 2210; baseline -0.002 -23"><span class='ocrx_word' id='word_1_112' title='bbox 215 2140 218 2147; x_wconf 87' lang='grc'><strong>’</strong></span> <span class='ocrx_word' id='word_1_113' title='bbox 287 2124 323 2187; x_wconf 81' lang='grc' dir='ltr'>δέ</span> <span class='ocrx_word' id='word_1_114' title='bbox 341 2127 399 2187; x_wconf 80' lang='grc' dir='ltr'>τοῦ</span> <span class='ocrx_word' id='word_1_115' title='bbox 415 2117 582 2204; x_wconf 78' lang='grc' dir='ltr'><em>Στεφάνου</em></span> <span class='ocrx_word' id='word_1_116' title='bbox 605 2119 685 2186; x_wconf 86' lang='grc' dir='ltr'><em>κατὰ</em></span> <span class='ocrx_word' id='word_1_117' title='bbox 708 2121 765 2187; x_wconf 82' lang='grc' dir='ltr'>τὸν</span> <span class='ocrx_word' id='word_1_118' title='bbox 782 2119 882 2205; x_wconf 90' lang='grc' dir='ltr'><em>νόμον</em></span> <span class='ocrx_word' id='word_1_119' title='bbox 906 2121 950 2195; x_wconf 87' lang='grc' dir='ltr'><em>εἰς</em></span> <span class='ocrx_word' id='word_1_120' title='bbox 964 2119 1165 2210; x_wconf 77' lang='grc' dir='ltr'><em>ἐλευθερίαν)</em></span> <span class='ocrx_word' id='word_1_121' title='bbox 1185 2122 1358 2206; x_wconf 87' lang='lat' dir='ltr'>praedibus</span> <span class='ocrx_word' id='word_1_122' title='bbox 1382 2122 1464 2186; x_wconf 88' lang='lat' dir='ltr'>datis</span> 
     </span>
     <span class='ocr_line' id='line_1_18' title="bbox 286 2228 1464 2313; baseline -0.003 -17"><span class='ocrx_word' id='word_1_123' title='bbox 286 2231 444 2296; x_wconf 83' lang='lat' dir='ltr'>Neaeram</span> <span class='ocrx_word' id='word_1_124' title='bbox 466 2233 502 2294; x_wconf 90' lang='lat' dir='ltr'>in</span> <span class='ocrx_word' id='word_1_125' title='bbox 525 2230 704 2294; x_wconf 87' lang='lat' dir='ltr'>libertatem</span> <span class='ocrx_word' id='word_1_126' title='bbox 729 2251 797 2296; x_wconf 88' lang='lat' dir='ltr'>esso</span> <span class='ocrx_word' id='word_1_127' title='bbox 820 2233 1010 2312; x_wconf 86' lang='lat' dir='ltr'>restitutam,</span> <span class='ocrx_word' id='word_1_128' title='bbox 1035 2237 1066 2294; x_wconf 90' lang='lat' dir='ltr'>et</span> <span class='ocrx_word' id='word_1_129' title='bbox 1088 2235 1175 2294; x_wconf 88' lang='lat' dir='ltr'>reete</span> <span class='ocrx_word' id='word_1_130' title='bbox 1198 2229 1297 2295; x_wconf 88' lang='lat' dir='ltr'>Henr.</span> <span class='ocrx_word' id='word_1_131' title='bbox 1332 2228 1464 2313; x_wconf 88' lang='lat' dir='ltr'>Stepha-</span> 
     </span>
     <span class='ocr_line' id='line_1_19' title="bbox 288 2337 1464 2420; baseline 0 -20"><span class='ocrx_word' id='word_1_132' title='bbox 288 2358 365 2401; x_wconf 89' lang='lat' dir='ltr'>num</span> <span class='ocrx_word' id='word_1_133' title='bbox 391 2339 426 2400; x_wconf 92' lang='lat' dir='ltr'>in</span> <span class='ocrx_word' id='word_1_134' title='bbox 444 2337 604 2400; x_wconf 88' lang='lat' dir='ltr'>Thesauro</span> <span class='ocrx_word' id='word_1_135' title='bbox 624 2337 684 2401; x_wconf 90' lang='lat' dir='ltr'>sub</span> <span class='ocrx_word' id='word_1_136' title='bbox 704 2356 781 2401; x_wconf 88' lang='lat' dir='ltr'>voce</span> <span class='ocrx_word' id='word_1_137' title='bbox 800 2339 944 2416; x_wconf 86' lang='grc' dir='ltr'><em>διεγγοάν</em></span> <span class='ocrx_word' id='word_1_138' title='bbox 966 2338 1074 2400; x_wconf 90' lang='lat' dir='ltr'>locum</span> <span class='ocrx_word' id='word_1_139' title='bbox 1096 2338 1190 2400; x_wconf 92' lang='lat' dir='ltr'>illum</span> <span class='ocrx_word' id='word_1_140' title='bbox 1214 2338 1260 2400; x_wconf 87' lang='lat' dir='ltr'>sic</span> <span class='ocrx_word' id='word_1_141' title='bbox 1278 2338 1464 2420; x_wconf 87' lang='lat' dir='ltr'>interpreta-</span> 
     </span>
     <span class='ocr_line' id='line_1_20' title="bbox 287 2442 1464 2528; baseline -0.002 -20"><span class='ocrx_word' id='word_1_142' title='bbox 287 2450 359 2510; x_wconf 91' lang='lat' dir='ltr'>tum</span> <span class='ocrx_word' id='word_1_143' title='bbox 392 2463 460 2508; x_wconf 89' lang='lat' dir='ltr'>esso</span> <span class='ocrx_word' id='word_1_144' title='bbox 479 2451 572 2528; x_wconf 91' lang='lat' dir='ltr'>puto:</span> <span class='ocrx_word' id='word_1_145' title='bbox 607 2442 705 2526; x_wconf 85' lang='lat' dir='ltr'>„Cum</span> <span class='ocrx_word' id='word_1_146' title='bbox 737 2445 790 2506; x_wconf 90' lang='lat' dir='ltr'>hic</span> <span class='ocrx_word' id='word_1_147' title='bbox 818 2445 854 2506; x_wconf 89' lang='lat' dir='ltr'>in</span> <span class='ocrx_word' id='word_1_148' title='bbox 885 2443 1064 2507; x_wconf 88' lang='lat' dir='ltr'>libertatem</span> <span class='ocrx_word' id='word_1_149' title='bbox 1095 2444 1264 2508; x_wconf 85' lang='lat' dir='ltr'>vindicans</span> <span class='ocrx_word' id='word_1_150' title='bbox 1295 2463 1464 2527; x_wconf 88' lang='lat' dir='ltr'>sponsores</span> 
     </span>
     <span class='ocr_line' id='line_1_21' title="bbox 289 2539 1464 2636; baseline -0.003 -21"><span class='ocrx_word' id='word_1_151' title='bbox 289 2552 436 2633; x_wconf 86' lang='lat' dir='ltr'>dedisset,</span> <span class='ocrx_word' id='word_1_152' title='bbox 457 2539 547 2634; x_wconf 49' lang='lat' dir='ltr'>&#39;apud</span> <span class='ocrx_word' id='word_1_153' title='bbox 571 2569 604 2614; x_wconf 90' lang='lat' dir='ltr'>se</span> <span class='ocrx_word' id='word_1_154' title='bbox 628 2550 741 2614; x_wconf 88' lang='lat' dir='ltr'>habuit</span> <span class='ocrx_word' id='word_1_155' title='bbox 759 2555 955 2634; x_wconf 86' lang='lat' dir='ltr'>prostantem</span> <span class='ocrx_word' id='word_1_156' title='bbox 979 2556 1015 2614; x_wconf 94' lang='lat' dir='ltr'>ut</span> <span class='ocrx_word' id='word_1_157' title='bbox 1034 2550 1170 2636; x_wconf 80' lang='lat' dir='ltr'>ante“.²)</span> <span class='ocrx_word' id='word_1_158' title='bbox 1215 2551 1310 2614; x_wconf 88' lang='lat' dir='ltr'>Unus</span> <span class='ocrx_word' id='word_1_159' title='bbox 1334 2551 1464 2634; x_wconf 87' lang='lat' dir='ltr'>quidem</span> 
     </span>
     <span class='ocr_line' id='line_1_22' title="bbox 287 2655 1509 2741; baseline 0 -20"><span class='ocrx_word' id='word_1_160' title='bbox 287 2678 331 2721; x_wconf 86' lang='lat' dir='ltr'>ex</span> <span class='ocrx_word' id='word_1_161' title='bbox 344 2657 550 2741; x_wconf 88' lang='lat' dir='ltr'>sponsoribus</span> <span class='ocrx_word' id='word_1_162' title='bbox 577 2655 757 2740; x_wconf 88' lang='lat' dir='ltr'>Stephanus</span> <span class='ocrx_word' id='word_1_163' title='bbox 779 2658 848 2741; x_wconf 88' lang='lat' dir='ltr'>ipse</span> <span class='ocrx_word' id='word_1_164' title='bbox 870 2657 945 2735; x_wconf 81' lang='lat' dir='ltr'>fuit3</span> <span class='ocrx_word' id='word_1_165' title='bbox 971 2657 1058 2740; x_wconf 93' lang='lat' dir='ltr'>quod</span> <span class='ocrx_word' id='word_1_166' title='bbox 1081 2663 1189 2722; x_wconf 90' lang='lat' dir='ltr'>autem</span> <span class='ocrx_word' id='word_1_167' title='bbox 1212 2663 1276 2720; x_wconf 90' lang='lat' dir='ltr'>tres</span> <span class='ocrx_word' id='word_1_168' title='bbox 1294 2677 1464 2741; x_wconf 88' lang='lat' dir='ltr'>sponsores</span> <span class='ocrx_word' id='word_1_169' title='bbox 1507 2677 1509 2682; x_wconf 75' lang='grc'>’</span> 
     </span>
     <span class='ocr_line' id='line_1_23' title="bbox 287 2767 1464 2848; baseline 0 -20"><span class='ocrx_word' id='word_1_170' title='bbox 287 2767 322 2828; x_wconf 94' lang='lat' dir='ltr'>in</span> <span class='ocrx_word' id='word_1_171' title='bbox 346 2767 528 2829; x_wconf 87' lang='lat' dir='ltr'>testimonio</span> <span class='ocrx_word' id='word_1_172' title='bbox 546 2767 764 2844; x_wconf 88' lang='lat' dir='ltr'>nominantur,</span> <span class='ocrx_word' id='word_1_173' title='bbox 780 2771 937 2843; x_wconf 83' lang='lat' dir='ltr'>accurate</span> <span class='ocrx_word' id='word_1_174' title='bbox 961 2785 1035 2828; x_wconf 91' lang='lat' dir='ltr'>cum</span> <span class='ocrx_word' id='word_1_175' title='bbox 1057 2767 1097 2828; x_wconf 86' lang='lat' dir='ltr'>iis</span> <span class='ocrx_word' id='word_1_176' title='bbox 1121 2767 1286 2846; x_wconf 89' lang='lat' dir='ltr'>consentit,</span> <span class='ocrx_word' id='word_1_177' title='bbox 1311 2784 1394 2848; x_wconf 90' lang='lat' dir='ltr'>quae</span> <span class='ocrx_word' id='word_1_178' title='bbox 1416 2784 1464 2828; x_wconf 91' lang='lat' dir='ltr'>re·</span> 
     </span>
     <span class='ocr_line' id='line_1_24' title="bbox 289 2865 1466 2956; baseline -0.003 -20"><span class='ocrx_word' id='word_1_179' title='bbox 289 2873 460 2956; x_wconf 81' lang='lat' dir='ltr'>pariuntur</span> <span class='ocrx_word' id='word_1_180' title='bbox 481 2873 515 2934; x_wconf 92' lang='lat' dir='ltr'>in</span> <span class='ocrx_word' id='word_1_181' title='bbox 535 2870 678 2934; x_wconf 88' lang='lat' dir='ltr'>Platonis</span> <span class='ocrx_word' id='word_1_182' title='bbox 697 2871 836 2954; x_wconf 83' lang='lat' dir='ltr'>Legibus</span> <span class='ocrx_word' id='word_1_183' title='bbox 859 2871 911 2935; x_wconf 92' lang='lat' dir='ltr'>XI</span> <span class='ocrx_word' id='word_1_184' title='bbox 932 2874 996 2935; x_wconf 83' lang='lat'>914</span> <span class='ocrx_word' id='word_1_185' title='bbox 1018 2871 1063 2935; x_wconf 83' lang='lat' dir='ltr'>E:</span> <span class='ocrx_word' id='word_1_186' title='bbox 1088 2867 1145 2934; x_wconf 78' lang='grc' dir='ltr'>ἐὰν</span> <span class='ocrx_word' id='word_1_187' title='bbox 1164 2873 1200 2935; x_wconf 88' lang='grc' dir='ltr'>δέ</span> <span class='ocrx_word' id='word_1_188' title='bbox 1216 2894 1263 2942; x_wconf 86' lang='grc' dir='ltr'>τις</span> <span class='ocrx_word' id='word_1_189' title='bbox 1287 2865 1466 2956; x_wconf 78' lang='grc' dir='ltr'><em>ἀφαιρῆταί</em></span> 
     </span>
     <span class='ocr_line' id='line_1_25' title="bbox 290 2971 1463 3059; baseline 0 -19"><span class='ocrx_word' id='word_1_190' title='bbox 290 2999 362 3040; x_wconf 88' lang='grc' dir='ltr'><em>τινα</em></span> <span class='ocrx_word' id='word_1_191' title='bbox 387 2975 431 3049; x_wconf 89' lang='grc' dir='ltr'><em>εἰς</em></span> <span class='ocrx_word' id='word_1_192' title='bbox 455 2973 645 3059; x_wconf 74' lang='grc' dir='ltr'><em>ἐλευθερίαν</em></span> <span class='ocrx_word' id='word_1_193' title='bbox 678 2971 718 3048; x_wconf 81' lang='grc' dir='ltr'>ὡς</span> <span class='ocrx_word' id='word_1_194' title='bbox 742 2978 855 3041; x_wconf 83' lang='grc' dir='ltr'><em>δοῦλον</em></span> <span class='ocrx_word' id='word_1_195' title='bbox 878 2971 1042 3058; x_wconf 77' lang='grc' dir='ltr'><em>ἀγάμενον,</em></span> <span class='ocrx_word' id='word_1_196' title='bbox 1074 2981 1217 3058; x_wconf 90' lang='grc' dir='ltr'><em>μεθιέτω</em></span> <span class='ocrx_word' id='word_1_197' title='bbox 1248 2977 1308 3059; x_wconf 84' lang='grc' dir='ltr'>μὲν</span> <span class='ocrx_word' id='word_1_198' title='bbox 1330 2971 1348 3040; x_wconf 79' lang='grc' dir='ltr'>ὅ</span> <span class='ocrx_word' id='word_1_199' title='bbox 1374 2973 1463 3057; x_wconf 82' lang='grc' dir='ltr'><em>ἀγων,</em></span> 
     </span>
     <span class='ocr_line' id='line_1_26' title="bbox 288 3076 1465 3171; baseline 0 -24"><span class='ocrx_word' id='word_1_200' title='bbox 288 3078 307 3146; x_wconf 84' lang='grc' dir='ltr'><em>ὃ</em></span> <span class='ocrx_word' id='word_1_201' title='bbox 328 3085 362 3147; x_wconf 85' lang='grc' dir='ltr'>δὲ</span> <span class='ocrx_word' id='word_1_202' title='bbox 382 3078 616 3167; x_wconf 79' lang='grc' dir='ltr'><em>ἀφαιρούμενος</em></span> <span class='ocrx_word' id='word_1_203' title='bbox 633 3079 817 3168; x_wconf 81' lang='grc' dir='ltr'><em>ἐγγυητάς</em></span> <span class='ocrx_word' id='word_1_204' title='bbox 839 3092 944 3167; x_wconf 85' lang='grc' dir='ltr'><em>τρεῖς</em></span> <span class='ocrx_word' id='word_1_205' title='bbox 964 3079 1132 3166; x_wconf 84' lang='grc' dir='ltr'><em>ἀξιόχρεως</em></span> <span class='ocrx_word' id='word_1_206' title='bbox 1149 3079 1346 3171; x_wconf 76' lang='grc' dir='ltr'><em>καταστήσας</em></span> <span class='ocrx_word' id='word_1_207' title='bbox 1365 3076 1465 3154; x_wconf 74' lang='grc' dir='ltr'><em>οὕτως</em></span> 
     </span>
     <span class='ocr_line' id='line_1_27' title="bbox 288 3186 1465 3276; baseline 0 -22"><span class='ocrx_word' id='word_1_208' title='bbox 288 3187 490 3276; x_wconf 70' lang='grc' dir='ltr'><em>ἀφαιρείσθω</em></span> <span class='ocrx_word' id='word_1_209' title='bbox 518 3186 600 3252; x_wconf 83' lang='grc' dir='ltr'><em>κατὰ</em></span> <span class='ocrx_word' id='word_1_210' title='bbox 623 3193 735 3270; x_wconf 82' lang='grc' dir='ltr'><em>ταῦτα,</em></span> <span class='ocrx_word' id='word_1_211' title='bbox 759 3187 860 3262; x_wconf 83' lang='grc' dir='ltr'><em>άλλως</em></span> <span class='ocrx_word' id='word_1_212' title='bbox 893 3191 926 3254; x_wconf 80' lang='grc' dir='ltr'>δὲ</span> <span class='ocrx_word' id='word_1_213' title='bbox 953 3187 1007 3276; x_wconf 80' lang='grc' dir='ltr'>μή.</span> <span class='ocrx_word' id='word_1_214' title='bbox 1053 3192 1196 3256; x_wconf 80' lang='lat' dir='ltr'>Maxime</span> <span class='ocrx_word' id='word_1_215' title='bbox 1224 3193 1323 3276; x_wconf 73' lang='lat' dir='ltr'>igitur</span> <span class='ocrx_word' id='word_1_216' title='bbox 1352 3191 1465 3254; x_wconf 82' lang='lat' dir='ltr'>verisi-</span> 
     </span>
     <span class='ocr_line' id='line_1_28' title="bbox 288 3297 1121 3382; baseline 0.001 -20"><span class='ocrx_word' id='word_1_217' title='bbox 288 3299 364 3362; x_wconf 88' lang='lat' dir='ltr'>mile</span> <span class='ocrx_word' id='word_1_218' title='bbox 387 3303 442 3380; x_wconf 88' lang='lat' dir='ltr'>est,</span> <span class='ocrx_word' id='word_1_219' title='bbox 466 3317 500 3361; x_wconf 91' lang='lat' dir='ltr'>re</span> <span class='ocrx_word' id='word_1_220' title='bbox 523 3317 599 3360; x_wconf 86' lang='lat' dir='ltr'>vera</span> <span class='ocrx_word' id='word_1_221' title='bbox 621 3298 758 3361; x_wconf 87' lang='lat' dir='ltr'>Athenis</span> <span class='ocrx_word' id='word_1_222' title='bbox 781 3297 865 3360; x_wconf 86' lang='lat' dir='ltr'>hane</span> <span class='ocrx_word' id='word_1_223' title='bbox 887 3298 991 3382; x_wconf 89' lang='lat' dir='ltr'>legem</span> <span class='ocrx_word' id='word_1_224' title='bbox 1014 3298 1121 3362; x_wconf 86' lang='lat' dir='ltr'>fnisse.</span> 
     </span>
    </p>

    <p class='ocr_par' dir='ltr' id='par_1_8' title="bbox 288 3397 1464 3810">
     <span class='ocr_line' id='line_1_29' title="bbox 352 3397 1464 3490; baseline -0.004 -21"><span class='ocrx_word' id='word_1_225' title='bbox 352 3413 355 3419; x_wconf 85' lang='lat'>&#39;</span> <span class='ocrx_word' id='word_1_226' title='bbox 379 3404 540 3468; x_wconf 87' lang='lat' dir='ltr'>Falsarius</span> <span class='ocrx_word' id='word_1_227' title='bbox 565 3403 696 3487; x_wconf 86' lang='lat' dir='ltr'>quidem</span> <span class='ocrx_word' id='word_1_228' title='bbox 719 3404 826 3468; x_wconf 83' lang='lat' dir='ltr'>verbis</span> <span class='ocrx_word' id='word_1_229' title='bbox 848 3405 912 3468; x_wconf 90' lang='lat' dir='ltr'>illis</span> <span class='ocrx_word' id='word_1_230' title='bbox 932 3405 1152 3490; x_wconf 72' lang='grc' dir='ltr'><em>διεγγυηθεῖσα</em></span> <span class='ocrx_word' id='word_1_231' title='bbox 1176 3397 1273 3470; x_wconf 76' lang='grc' dir='ltr'><em>δ’ὖπὸ</em></span> <span class='ocrx_word' id='word_1_232' title='bbox 1297 3399 1464 3485; x_wconf 84' lang='grc' dir='ltr'><em>Στεφάνου</em></span> 
     </span>
     <span class='ocr_line' id='line_1_30' title="bbox 288 3511 1464 3594; baseline -0.002 -18"><span class='ocrx_word' id='word_1_233' title='bbox 288 3512 385 3576; x_wconf 89' lang='lat' dir='ltr'>facile</span> <span class='ocrx_word' id='word_1_234' title='bbox 409 3512 602 3574; x_wconf 82' lang='lat' dir='ltr'>commoveri</span> <span class='ocrx_word' id='word_1_235' title='bbox 633 3517 763 3594; x_wconf 89' lang='lat' dir='ltr'>poterat,</span> <span class='ocrx_word' id='word_1_236' title='bbox 794 3515 831 3574; x_wconf 90' lang='lat' dir='ltr'>ut</span> <span class='ocrx_word' id='word_1_237' title='bbox 853 3511 1051 3594; x_wconf 82' lang='lat' dir='ltr'>Stephanum</span> <span class='ocrx_word' id='word_1_238' title='bbox 1084 3513 1187 3575; x_wconf 90' lang='lat' dir='ltr'>solum</span> <span class='ocrx_word' id='word_1_239' title='bbox 1220 3517 1257 3575; x_wconf 95' lang='lat' dir='ltr'>ut</span> <span class='ocrx_word' id='word_1_240' title='bbox 1288 3512 1402 3575; x_wconf 84' lang='lat' dir='ltr'>vadem</span> <span class='ocrx_word' id='word_1_241' title='bbox 1430 3513 1464 3574; x_wconf 89' lang='lat' dir='ltr'>in</span> 
     </span>
     <span class='ocr_line' id='line_1_31' title="bbox 288 3617 1464 3702; baseline 0 -20"><span class='ocrx_word' id='word_1_242' title='bbox 288 3618 472 3682; x_wconf 87' lang='lat' dir='ltr'>testimonio</span> <span class='ocrx_word' id='word_1_243' title='bbox 496 3617 692 3698; x_wconf 83' lang='lat' dir='ltr'>inscriberet,</span> <span class='ocrx_word' id='word_1_244' title='bbox 715 3637 820 3700; x_wconf 90' lang='lat' dir='ltr'>nequo</span> <span class='ocrx_word' id='word_1_245' title='bbox 844 3623 919 3700; x_wconf 90' lang='lat' dir='ltr'>erat,</span> <span class='ocrx_word' id='word_1_246' title='bbox 943 3639 1002 3682; x_wconf 90' lang='lat' dir='ltr'>cur</span> <span class='ocrx_word' id='word_1_247' title='bbox 1024 3621 1155 3682; x_wconf 89' lang='lat' dir='ltr'>nomina</span> <span class='ocrx_word' id='word_1_248' title='bbox 1175 3617 1345 3683; x_wconf 85' lang='lat' dir='ltr'>Glaucetae</span> <span class='ocrx_word' id='word_1_249' title='bbox 1369 3624 1464 3702; x_wconf 88' lang='lat' dir='ltr'>atque</span> 
     </span>
     <span class='ocr_line' id='line_1_32' title="bbox 291 3722 663 3810; baseline -0.008 -22"><span class='ocrx_word' id='word_1_250' title='bbox 291 3726 497 3790; x_wconf 86' lang='lat' dir='ltr'>Aristocratis</span> <span class='ocrx_word' id='word_1_251' title='bbox 520 3722 663 3810; x_wconf 89' lang='lat' dir='ltr'>fingeret.</span> 
     </span>
    </p>

    <p class='ocr_par' dir='ltr' id='par_1_9' title="bbox 379 3831 1463 3914">
     <span class='ocr_line' id='line_1_33' title="bbox 379 3831 1463 3914; baseline 0 -18"><span class='ocrx_word' id='word_1_252' title='bbox 379 3831 516 3896; x_wconf 84' lang='lat' dir='ltr'>Accedit</span> <span class='ocrx_word' id='word_1_253' title='bbox 539 3833 686 3909; x_wconf 81' lang='lat' dir='ltr'>alterum,</span> <span class='ocrx_word' id='word_1_254' title='bbox 721 3840 784 3914; x_wconf 78' lang='lat' dir='ltr'>q‘uo</span> <span class='ocrx_word' id='word_1_255' title='bbox 818 3851 945 3896; x_wconf 87' lang='lat' dir='ltr'>omnem</span> <span class='ocrx_word' id='word_1_256' title='bbox 976 3831 1206 3896; x_wconf 86' lang='lat' dir='ltr'>dubitationem</span> <span class='ocrx_word' id='word_1_257' title='bbox 1230 3833 1269 3896; x_wconf 93' lang='lat' dir='ltr'>de</span> <span class='ocrx_word' id='word_1_258' title='bbox 1292 3832 1463 3896; x_wconf 88' lang='lat' dir='ltr'>testimonii</span> 
     </span>
    </p>
   </div>
   <div class='ocr_carea' id='block_1_6' title="bbox 289 4023 1462 4363">
    <p class='ocr_par' dir='ltr' id='par_1_10' title="bbox 289 4023 1462 4184">
     <span class='ocr_line' id='line_1_34' title="bbox 382 4023 1461 4094; baseline -0.001 -15"><span class='ocrx_word' id='word_1_259' title='bbox 382 4027 403 4094; x_wconf 86' lang='grc'>1)</span> <span class='ocrx_word' id='word_1_260' title='bbox 422 4025 475 4080; x_wconf 82' lang='lat' dir='ltr'>Cir.</span> <span class='ocrx_word' id='word_1_261' title='bbox 495 4024 634 4094; x_wconf 90' lang='lat' dir='ltr'>Lortzing:</span> <span class='ocrx_word' id='word_1_262' title='bbox 655 4023 718 4093; x_wconf 90' lang='lat' dir='ltr'>„De</span> <span class='ocrx_word' id='word_1_263' title='bbox 737 4024 915 4094; x_wconf 88' lang='lat' dir='ltr'>orationibus,</span> <span class='ocrx_word' id='word_1_264' title='bbox 935 4041 1003 4094; x_wconf 91' lang='lat' dir='ltr'>quas</span> <span class='ocrx_word' id='word_1_265' title='bbox 1022 4024 1219 4079; x_wconf 89' lang='lat' dir='ltr'>Demosthenes</span> <span class='ocrx_word' id='word_1_266' title='bbox 1238 4041 1286 4094; x_wconf 90' lang='lat' dir='ltr'>pro</span> <span class='ocrx_word' id='word_1_267' title='bbox 1304 4024 1461 4094; x_wconf 78' lang='lat' dir='ltr'>Apollodoro</span> 
     </span>
     <span class='ocr_line' id='line_1_35' title="bbox 289 4113 1462 4184; baseline 0 -14"><span class='ocrx_word' id='word_1_268' title='bbox 289 4115 432 4184; x_wconf 83' lang='lat' dir='ltr'>scripsisse</span> <span class='ocrx_word' id='word_1_269' title='bbox 445 4115 547 4168; x_wconf 65' lang='grc' dir='ltr'>[θείουι</span> <span class='ocrx_word' id='word_1_270' title='bbox 566 4130 627 4183; x_wconf 87' lang='lat' dir='ltr'>pag.</span> <span class='ocrx_word' id='word_1_271' title='bbox 647 4118 681 4168; x_wconf 85' lang='lat'>30</span> <span class='ocrx_word' id='word_1_272' title='bbox 695 4131 752 4183; x_wconf 89' lang='lat' dir='ltr'>sqq.</span> <span class='ocrx_word' id='word_1_273' title='bbox 759 4131 767 4183; x_wconf 85' lang='lat'>;</span> <span class='ocrx_word' id='word_1_274' title='bbox 786 4113 858 4184; x_wconf 89' lang='lat' dir='ltr'>Sigg,</span> <span class='ocrx_word' id='word_1_275' title='bbox 877 4113 1049 4168; x_wconf 77' lang='lat' dir='ltr'>Fleckeisens</span> <span class='ocrx_word' id='word_1_276' title='bbox 1068 4114 1178 4168; x_wconf 86' lang='lat' dir='ltr'>Jahrbb.</span> <span class='ocrx_word' id='word_1_277' title='bbox 1198 4113 1238 4168; x_wconf 90' lang='lat' dir='ltr'>VI</span> <span class='ocrx_word' id='word_1_278' title='bbox 1250 4113 1338 4182; x_wconf 88' lang='lat' dir='ltr'>suppl.</span> <span class='ocrx_word' id='word_1_279' title='bbox 1358 4130 1383 4182; x_wconf 93' lang='lat' dir='ltr'>p.</span> <span class='ocrx_word' id='word_1_280' title='bbox 1404 4117 1462 4170; x_wconf 83' lang='grc'><strong>426.</strong></span> 
     </span>
    </p>

    <p class='ocr_par' dir='ltr' id='par_1_11' title="bbox 289 4201 1462 4363">
     <span class='ocr_line' id='line_1_36' title="bbox 381 4201 1462 4274; baseline -0.002 -16"><span class='ocrx_word' id='word_1_281' title='bbox 381 4203 402 4274; x_wconf 74' lang='lat'>⁹)</span> <span class='ocrx_word' id='word_1_282' title='bbox 423 4203 520 4258; x_wconf 78' lang='lat' dir='ltr'>Confer</span> <span class='ocrx_word' id='word_1_283' title='bbox 539 4204 627 4257; x_wconf 88' lang='lat' dir='ltr'>cetera</span> <span class='ocrx_word' id='word_1_284' title='bbox 645 4219 761 4272; x_wconf 89' lang='lat' dir='ltr'>quoque,</span> <span class='ocrx_word' id='word_1_285' title='bbox 789 4219 858 4271; x_wconf 90' lang='lat' dir='ltr'>quae</span> <span class='ocrx_word' id='word_1_286' title='bbox 878 4201 1031 4271; x_wconf 87' lang='lat' dir='ltr'>Stephanus</span> <span class='ocrx_word' id='word_1_287' title='bbox 1059 4204 1092 4257; x_wconf 89' lang='lat' dir='ltr'>de</span> <span class='ocrx_word' id='word_1_288' title='bbox 1110 4202 1218 4258; x_wconf 86' lang='lat' dir='ltr'>notione</span> <span class='ocrx_word' id='word_1_289' title='bbox 1236 4201 1312 4258; x_wconf 85' lang='lat' dir='ltr'>verbi</span> <span class='ocrx_word' id='word_1_290' title='bbox 1331 4203 1462 4274; x_wconf 82' lang='grc' dir='ltr'><em>διεγγοᾶν</em></span> 
     </span>
     <span class='ocr_line' id='line_1_37' title="bbox 289 4293 411 4363; baseline -0.008 -15"><span class='ocrx_word' id='word_1_291' title='bbox 289 4293 411 4363; x_wconf 84' lang='lat' dir='ltr'>exponit.</span> 
     </span>
    </p>
   </div>
   <div class='ocr_carea' id='block_1_7' title="bbox 0 0 1558 5000">
    <p class='ocr_par' dir='ltr' id='par_1_12' title="bbox 0 0 1558 5000">
     <span class='ocr_line' id='line_1_38' title="bbox 0 0 1558 5000; baseline 0 0"><span class='ocrx_word' id='word_1_292' title='bbox 0 0 1558 5000; x_wconf 95' lang='lat' dir='ltr'> </span> 
     </span>
    </p>
   </div>
  </div>
 </body>
</html>
