3102 5000
577 300 807 360 -41..

89 477 249 540 interdici
272 481 368 560 atque
387 475 487 540 verba
510 469 663 559 ἀτίμητος
683 471 763 537 ἕσσω
782 474 822 538 ad
842 493 896 538 eos
915 473 998 563 solos
1018 480 1161 558 spectaro
1179 495 1280 558 posse,

90 591 171 647 tarn
187 583 396 648 manifestum
420 589 516 666 atque
536 588 684 666 apertum
708 588 764 663 est,
783 587 820 644 ut
833 601 892 665 ego
915 600 981 644 non
1000 600 1075 644 cum
1100 584 1170 644 viro
1188 582 1280 646 docto

91 692 179 756 Van
203 692 273 755 den
287 689 332 754 Es
354 689 423 774 (cfr.
447 709 517 773 pag.
542 691 597 769 23)
621 691 693 773 post
716 689 771 751 illa
793 683 851 749 ἐὰν
872 689 911 750 δέ
925 709 972 757 τις
995 688 1093 751 verba
1116 681 1282 772 Ἀθηναῖος
1370 729 1374 736 -

93 795 148 862 οἷν
172 798 358 862 desiderem.
581 821 584 826 ·
632 819 634 829 ·
779 825 781 832 v
1056 821 1057 828 ι
1175 803 1177 810 ’

195 905 287 968 Idem
310 904 405 966 etiam
428 903 524 966 finem
547 903 703 967 formulae
727 905 928 987 (γραφέσθων
951 899 985 965 δὲ
1008 897 1090 985 πρὸς
1108 899 1181 972 σούς
1207 897 1282 966 θεσ-

93 1015 249 1093 μοθέτας
284 988 331 1080 οἷς
360 1005 468 1086 ἔξεστι,
496 1002 651 1092 καθάπερ
680 1013 736 1093 τῆς
768 1013 882 1091 ξενίας)
913 1011 1124 1073 recentiorem
1151 1028 1281 1072 manum

96 1137 241 1202 arguere
269 1121 368 1200 putat,
392 1135 466 1180 cum
488 1116 523 1178 in
543 1134 580 1178 eo
602 1114 701 1179 verba
723 1110 740 1177 ὁ
763 1114 955 1199 βουλόμενος
978 1108 1153 1200 Ἀδηναίων
1170 1117 1282 1198 desint,

98 1225 249 1308 quaein
272 1225 376 1306 priore
404 1223 542 1286 formula
570 1223 756 1286 invenimus
790 1225 970 1306 (γραφέσθω
998 1218 1083 1305 πρὸς,
1107 1218 1181 1292 τοὺς
1209 1225 1282 1284 δυσ·

96 1332 251 1410 μοδέιας
268 1322 441 1414 >Αδηναίωυ
456 1321 472 1390 ὁ
487 1321 688 1410 βουλόμενος,
702 1317 750 1400 οἷς
773 1324 913 1412 ἔξεστιν).
944 1329 1008 1393 Sed
1026 1349 1084 1393 cur
1101 1329 1284 1393 haecverba

100 1439 287 1502 necessario
312 1435 458 1500 addenda
474 1435 602 1518 fuerint,
626 1455 678 1500 me
700 1455 766 1500 non
785 1436 970 1520 intellegere
987 1437 1104 1516 fute0r3
1129 1435 1203 1500 nain
1227 1439 1283 1502 illu
1369 1495 1372 1502 .

99 1546 299 1627 γραφέσθων
322 1541 357 1606 δὲ
385 1539 467 1626 πρὸς
488 1539 563 1612 τοδς
585 1544 800 1623 θεσμοθέτας,
825 1530 872 1620 οἷς
891 1538 991 1617 ἔξεσσι
1014 1545 1097 1608 nihil
1116 1545 1202 1608 aliud
1221 1547 1283 1628 sig-

100 1650 251 1728 nificant,
275 1645 339 1712 nisi
361 1651 447 1734 apud
469 1635 696 1714 thesmothetes
720 1649 824 1712 dicam
848 1649 1052 1714 scribendam
1072 1671 1148 1716 esse.

170 1811 174 1818 .
199 1756 333 1839 Poenae,
353 1776 434 1840 quas
458 1757 515 1839 qui
532 1755 636 1839 legem
654 1757 847 1838 violavisset,
879 1757 942 1820 sibi
971 1760 1180 1841 contraheret,
1210 1779 1282 1843 gra-

101 1865 255 1928 vissimas
271 1882 340 1928 esse
355 1869 459 1928 orator
470 1867 489 1942 ξ
501 1865 542 1927 53
559 1864 637 1926 dicit
655 1858 757 1943 (γνοὺς
773 1864 801 1926 δ’
815 1857 865 1926 ὅτι
882 1859 1075 1942 κινδυνεύσει
1086 1861 1283 1946 ἐξελεγχθεὶς
1311 1905 1312 1910 1

102 1975 198 2054 ξένης
218 1973 388 2053 θυγατέρα
419 1963 604 2056 ἠγυγηκέναι
634 1977 705 2040 ταῖς
736 1967 883 2050 ἐσχάταις
907 1971 1029 2056 ζημίαις
1062 1975 1280 2055 mommoreto),

100 2077 261 2141 credibile
290 2079 390 2161 igitur
420 2081 490 2142 sine
515 2077 613 2140 dubio
642 2082 701 2159 est,
731 2078 817 2161 quod
847 2080 882 2141 in
906 2079 1045 2142 formula
1075 2081 1278 2143 invenimus:

100 2179 219 2264 ἄτιμος
242 2179 331 2266 ἔστω,
353 2185 407 2246 καὶ
429 2177 450 2244 r‘u
473 2177 564 2246 οὐσία
588 2167 688 2246 αὐτοῦ
712 2185 847 2268 δημοσία
871 2181 959 2250 ἕσσω.

455 2345 484 2408 3.
507 2343 556 2407 De
579 2345 649 2428 lege
672 2366 700 2428 p.
728 2347 813 2408 1374
838 2347 856 2428 ξ
882 2347 932 2410 87.

193 2443 350 2514 Ἐπειδὰν
364 2449 398 2514 δὲ
417 2446 472 2537 ἕδη
496 2445 553 2513 τὸν
574 2447 695 2532 μοιχόν,
719 2447 765 2536 μη
788 2447 901 2526 ἕξέσιω
930 2454 975 2538 τῷ
999 2451 1107 2514 elevet.
1126 2459 1281 2513 συνοικεῖν

95 2559 143 2643 τῇ
167 2559 292 2636 γυναικί
314 2576 320 2589 ·
344 2551 458 2620 ἐὰνδὲ
481 2562 609 2646 συνοικῇ
633 2554 744 2638 ἄτιμος
768 2554 855 2622 ἕσσω.
871 2558 952 2644 μηδὲ
976 2563 1016 2645 τῇ
1030 2557 1152 2638 γυναικὶ
1166 2553 1279 2632 ἐξέστω

95 2661 231 2735 εἰςιέναι
265 2661 310 2735 εἰς
336 2660 383 2748 χτὰ
416 2660 488 2749 ἱερὰ
510 2662 552 2728 τὰ
581 2665 749 2750 δημοτελῆ,
779 2647 865 2752 ἐφ”ᾗ
897 2659 936 2727 ἂν
966 2662 1075 2744 μοιχὸς
1107 2658 1198 2748 ἁλῷ·
1223 2658 1281 2726 ἐὰν

95 2765 221 2858 δἐἰςίη,
253 2771 398 2856 νηποινεὶ
422 2777 570 2850 πασχέτω
594 2765 666 2834 ὅτι
690 2766 730 2832 ἂν
747 2767 864 2859 πάσχῃ,
889 2769 976 2855 πλὴν
998 2765 1171 2864 δανυῖσοα,Ι

192 2879 273 2942 Pars
306 2882 431 2942 tanturn
471 2879 550 2962 legis
585 2879 663 2960 haec
702 2885 767 2958 est3
804 2885 971 2962 propterea
1002 2871 1068 2942 non
1101 2877 1218 2946 diserte
1250 2881 1278 2942 is

96 2986 289 3070 appellatur,
316 2986 356 3049 ud
390 3006 485 3070 quem
514 2987 617 3070 prima
643 2986 742 3049 verba
772 2980 907 3048 ἐπειδὰν
937 2984 971 3047 δὲ
1000 2980 1055 3072 ἕλη
1088 2981 1145 3047 τὸν
1166 2980 1279 3065 μοιχόν

95 3097 254 3176 spectant.
301 3087 462 3157 Falsarius
486 3094 553 3156 sine
582 3088 774 3178 dubio}non
801 3092 893 3156 facile
916 3095 961 3156 ita
982 3091 1131 3156 finxisset
1148 3094 1278 3157 initium

96 3199 267 3276 formulae,
291 3198 347 3264 sed
371 3201 477 3282 potius
501 3201 595 3262 certis
618 3199 724 3262 verbis
749 3198 788 3261 de
812 3199 924 3262 marito
950 3199 1092 3266 dixisset.
1259 3193 1263 3200 ’

194 3303 337 3390 Singula,
368 3325 451 3390 quae
473 3306 611 3370 formula
635 3308 783 3388 continet,
808 3307 994 3370 examinare
1009 3326 1085 3392 non
1119 3327 1199 3390 opus
1223 3313 1278 3389 est,
1320 3311 1325 3322 '

97 3431 179 3476 cum
198 3415 341 3498 exeeptis
364 3415 428 3477 illis
452 3407 509 3474 ἐὰν
532 3412 566 3475 δὲ
584 3413 721 3500 συνοικῇ,
747 3393 858 3492 ἄιίμος
882 3406 968 3491 ἕσσω,
995 3432 1075 3494 quae
1098 3415 1157 3476 vix
1181 3413 1283 3476 offen.

97 3519 186 3582 sioni
214 3537 284 3583 esse
315 3525 460 3606 possunt,
484 3523 590 3584 omnia
611 3523 647 3584 in
662 3510 777 3612 ¹verbis
801 3520 952 3582 orafionis
975 3521 1077 3602 ipsius
1096 3521 1134 3604 ἐξ
1160 3524 1210 3602 85,
1236 3521 1277 3584 86

97 3626 311 3708 reperiantur.

193 3731 388 3819 manlius),
400 3754 495 3817 quem
504 3732 691 3798 Dindorfius
701 3734 766 3814 (cfr.
778 3736 846 3798 eius
861 3731 1112 3815 annotationem)
1123 3735 1277 3817 sequitur,

96 3839 274 3904 formulam
297 3842 494 3926 suppositam
531 3861 599 3905 esse
631 3847 738 3904 censet
766 3845 797 3904 et
825 3841 991 3904 falsarium
1022 3859 1063 3902 ne
1086 3860 1124 3903 ea
1148 3840 1276 3924 quidem

99 3945 290 4011 adhibuisse
313 3949 487 4032 contendit,
512 3967 593 4032 quae
612 3937 718 4032 orator
737 3953 830 4012 antea
850 3947 1057 4030 exposuisset.
1095 3946 1163 4030 Ego
1187 3967 1278 4030 para-

98 4053 232 4138 graphis
252 4055 293 4118 85
313 4059 344 4117 et
363 4055 403 4118 86
417 4057 518 4119 etiam
537 4059 632 4138 atque
650 4057 746 4119 etiarn
765 4055 912 4139 perlectis
931 4053 1012 4115 nihil
1032 4053 1171 4136 inienio,
1192 4053 1279 4136 quod

99 4165 139 4225 in
161 4151 300 4224 formula
321 4162 391 4225 iure
416 4163 587 4227 desiderari
621 4163 737 4247 possit,
762 4180 865 4243 neque
894 4161 996 4244 magis
1020 4161 1054 4222 in
1083 4162 1163 4242 illis,
1197 4178 1279 4244 quae

179 4305 200 4374 1)
219 4303 295 4358 Neue
314 4303 457 4357 Jonaische
478 4303 593 4372 Allgem.
611 4301 876 4370 liceretur-Zeitung
896 4305 973 4368 1844,
993 4317 1051 4370 pag.
1071 4303 1132 4380 742,

1103 4389 1117 4422 *
