<?xml version="1.0" encoding="UTF-8"?>
<!DOCTYPE html PUBLIC "-//W3C//DTD XHTML 1.0 Transitional//EN"
    "http://www.w3.org/TR/xhtml1/DTD/xhtml1-transitional.dtd">
<html xmlns="http://www.w3.org/1999/xhtml" xml:lang="en" lang="en">
 <head>
  <title>
</title>
<meta http-equiv="Content-Type" content="text/html;charset=utf-8" />
  <meta name='ocr-system' content='tesseract 3.04.00' />
  <meta name='ocr-capabilities' content='ocr_page ocr_carea ocr_par ocr_line ocrx_word'/>
</head>
<body>
  <div class='ocr_page' id='page_1' title='image "./lelitisinstrume01riehgoog_0055.png"; bbox 0 0 3102 5000; ppageno 0'>
   <div class='ocr_carea' id='block_1_1' title="bbox 749 685 1027 767">
    <p class='ocr_par' dir='ltr' id='par_1_1' title="bbox 749 685 1027 767">
     <span class='ocr_line' id='line_1_1' title="bbox 749 685 1027 767; baseline -0.004 -13"><span class='ocrx_word' id='word_1_1' title='bbox 749 685 1027 767; x_wconf 80' lang='lat' dir='ltr'>Epimetrum.</span> 
     </span>
    </p>
   </div>
   <div class='ocr_carea' id='block_1_2' title="bbox 296 821 1531 2506">
    <p class='ocr_par' dir='ltr' id='par_1_2' title="bbox 296 821 1531 2506">
     <span class='ocr_line' id='line_1_2' title="bbox 390 821 1486 908; baseline -0.004 -20"><span class='ocrx_word' id='word_1_2' title='bbox 390 825 566 908; x_wconf 90' lang='lat' dir='ltr'>Postquam</span> <span class='ocrx_word' id='word_1_3' title='bbox 596 826 895 888; x_wconf 77' lang='lat' dir='ltr'>commentationem</span> <span class='ocrx_word' id='word_1_4' title='bbox 921 841 1027 886; x_wconf 88' lang='lat' dir='ltr'>meam</span> <span class='ocrx_word' id='word_1_5' title='bbox 1053 823 1118 884; x_wconf 90' lang='lat' dir='ltr'>iam</span> <span class='ocrx_word' id='word_1_6' title='bbox 1141 821 1182 884; x_wconf 91' lang='lat' dir='ltr'>ad</span> <span class='ocrx_word' id='word_1_7' title='bbox 1204 821 1303 884; x_wconf 87' lang='lat' dir='ltr'>finem</span> <span class='ocrx_word' id='word_1_8' title='bbox 1325 823 1486 906; x_wconf 87' lang='lat' dir='ltr'>perduxi,</span> 
     </span>
     <span class='ocr_line' id='line_1_3' title="bbox 299 915 1485 1015; baseline -0.001 -22"><span class='ocrx_word' id='word_1_9' title='bbox 299 933 482 1015; x_wconf 80' lang='lat' dir='ltr'>nuperrime</span> <span class='ocrx_word' id='word_1_10' title='bbox 512 932 594 995; x_wconf 90' lang='lat' dir='ltr'>dnos</span> <span class='ocrx_word' id='word_1_11' title='bbox 616 933 702 995; x_wconf 86' lang='lat' dir='ltr'>viros</span> <span class='ocrx_word' id='word_1_12' title='bbox 736 932 845 994; x_wconf 87' lang='lat' dir='ltr'>doctos</span> <span class='ocrx_word' id='word_1_13' title='bbox 879 930 917 993; x_wconf 90' lang='lat' dir='ltr'>de</span> <span class='ocrx_word' id='word_1_14' title='bbox 951 915 1061 994; x_wconf 88' lang='lat' dir='ltr'>eadem</span> <span class='ocrx_word' id='word_1_15' title='bbox 1089 929 1223 993; x_wconf 87' lang='lat' dir='ltr'>materia</span> <span class='ocrx_word' id='word_1_16' title='bbox 1264 928 1485 1012; x_wconf 80' lang='lat' dir='ltr'>disputavisse</span> 
     </span>
     <span class='ocr_line' id='line_1_4' title="bbox 298 1035 1483 1121; baseline -0.003 -21"><span class='ocrx_word' id='word_1_17' title='bbox 298 1039 453 1121; x_wconf 87' lang='lat' dir='ltr'>compari:</span> <span class='ocrx_word' id='word_1_18' title='bbox 507 1038 693 1102; x_wconf 80' lang='lat' dir='ltr'>Staekerum</span> <span class='ocrx_word' id='word_1_19' title='bbox 740 1038 960 1102; x_wconf 84' lang='lat' dir='ltr'>dissertatione</span> <span class='ocrx_word' id='word_1_20' title='bbox 993 1035 1143 1116; x_wconf 88' lang='lat' dir='ltr'>Halensi,</span> <span class='ocrx_word' id='word_1_21' title='bbox 1172 1055 1254 1118; x_wconf 89' lang='lat' dir='ltr'>quae</span> <span class='ocrx_word' id='word_1_22' title='bbox 1286 1035 1483 1100; x_wconf 87' lang='lat' dir='ltr'>inscribitur</span> 
     </span>
     <span class='ocr_line' id='line_1_5' title="bbox 299 1140 1483 1228; baseline -0.002 -22"><span class='ocrx_word' id='word_1_23' title='bbox 299 1141 368 1222; x_wconf 89' lang='lat' dir='ltr'>„De</span> <span class='ocrx_word' id='word_1_24' title='bbox 396 1144 461 1208; x_wconf 92' lang='lat' dir='ltr'>litis</span> <span class='ocrx_word' id='word_1_25' title='bbox 489 1147 719 1226; x_wconf 82' lang='lat' dir='ltr'>instrumentis,</span> <span class='ocrx_word' id='word_1_26' title='bbox 762 1164 843 1228; x_wconf 88' lang='lat' dir='ltr'>quae</span> <span class='ocrx_word' id='word_1_27' title='bbox 867 1147 977 1219; x_wconf 84' lang='lat' dir='ltr'>extant</span> <span class='ocrx_word' id='word_1_28' title='bbox 1004 1143 1040 1206; x_wconf 89' lang='lat' dir='ltr'>in</span> <span class='ocrx_word' id='word_1_29' title='bbox 1062 1140 1298 1223; x_wconf 88' lang='lat' dir='ltr'>Demosthenis,</span> <span class='ocrx_word' id='word_1_30' title='bbox 1322 1161 1407 1224; x_wconf 90' lang='lat' dir='ltr'>quae</span> <span class='ocrx_word' id='word_1_31' title='bbox 1434 1141 1483 1204; x_wconf 89' lang='lat' dir='ltr'>fe-</span> 
     </span>
     <span class='ocr_line' id='line_1_6' title="bbox 299 1247 1481 1335; baseline -0.002 -23"><span class='ocrx_word' id='word_1_32' title='bbox 299 1255 424 1330; x_wconf 91' lang='lat' dir='ltr'>runtur,</span> <span class='ocrx_word' id='word_1_33' title='bbox 452 1254 625 1335; x_wconf 87' lang='lat' dir='ltr'>posteriore</span> <span class='ocrx_word' id='word_1_34' title='bbox 658 1252 811 1316; x_wconf 87' lang='lat' dir='ltr'>adversus</span> <span class='ocrx_word' id='word_1_35' title='bbox 840 1250 1035 1333; x_wconf 85' lang='lat' dir='ltr'>Stephanum</span> <span class='ocrx_word' id='word_1_36' title='bbox 1072 1255 1103 1312; x_wconf 89' lang='lat' dir='ltr'>et</span> <span class='ocrx_word' id='word_1_37' title='bbox 1133 1248 1286 1312; x_wconf 86' lang='lat' dir='ltr'>advorsus</span> <span class='ocrx_word' id='word_1_38' title='bbox 1318 1247 1481 1326; x_wconf 85' lang='lat' dir='ltr'>Neaeram</span> 
     </span>
     <span class='ocr_line' id='line_1_7' title="bbox 301 1356 1480 1438; baseline -0.001 -20"><span class='ocrx_word' id='word_1_39' title='bbox 301 1356 517 1420; x_wconf 76' lang='lat' dir='ltr'>orationibus‘</span> <span class='ocrx_word' id='word_1_40' title='bbox 549 1363 579 1422; x_wconf 87' lang='lat' dir='ltr'>ot</span> <span class='ocrx_word' id='word_1_41' title='bbox 606 1357 820 1424; x_wconf 80' lang='lat' dir='ltr'>Kirohnenrm</span> <span class='ocrx_word' id='word_1_42' title='bbox 857 1356 1133 1436; x_wconf 82' lang='lat' dir='ltr'>commentatione,</span> <span class='ocrx_word' id='word_1_43' title='bbox 1162 1373 1245 1438; x_wconf 88' lang='lat' dir='ltr'>quae</span> <span class='ocrx_word' id='word_1_44' title='bbox 1274 1357 1398 1419; x_wconf 84' lang='lat' dir='ltr'>inserta</span> <span class='ocrx_word' id='word_1_45' title='bbox 1430 1359 1480 1418; x_wconf 92' lang='lat' dir='ltr'>est</span> 
     </span>
     <span class='ocr_line' id='line_1_8' title="bbox 299 1461 1480 1546; baseline -0.002 -20"><span class='ocrx_word' id='word_1_46' title='bbox 299 1463 380 1526; x_wconf 86' lang='lat' dir='ltr'>Mus.</span> <span class='ocrx_word' id='word_1_47' title='bbox 411 1463 513 1528; x_wconf 90' lang='lat' dir='ltr'>Rhen.</span> <span class='ocrx_word' id='word_1_48' title='bbox 536 1465 597 1527; x_wconf 90' lang='lat' dir='ltr'>vol.</span> <span class='ocrx_word' id='word_1_49' title='bbox 627 1466 670 1528; x_wconf 76' lang='lat'>40</span> <span class='ocrx_word' id='word_1_50' title='bbox 697 1484 726 1546; x_wconf 94' lang='lat' dir='ltr'>p.</span> <span class='ocrx_word' id='word_1_51' title='bbox 751 1465 816 1528; x_wconf 73' lang='lat'>377</span> <span class='ocrx_word' id='word_1_52' title='bbox 847 1483 909 1546; x_wconf 87' lang='lat' dir='ltr'>sq.:</span> <span class='ocrx_word' id='word_1_53' title='bbox 935 1461 1017 1544; x_wconf 89' lang='lat' dir='ltr'>„Zur</span> <span class='ocrx_word' id='word_1_54' title='bbox 1041 1461 1338 1546; x_wconf 77' lang='lat' dir='ltr'>elaubwurdigkon</span> <span class='ocrx_word' id='word_1_55' title='bbox 1361 1461 1418 1526; x_wconf 86' lang='lat' dir='ltr'>der</span> <span class='ocrx_word' id='word_1_56' title='bbox 1443 1463 1480 1524; x_wconf 92' lang='lat' dir='ltr'>in</span> 
     </span>
     <span class='ocr_line' id='line_1_9' title="bbox 299 1567 1478 1664; baseline -0.002 -32"><span class='ocrx_word' id='word_1_57' title='bbox 299 1570 348 1632; x_wconf 89' lang='lat' dir='ltr'>die</span> <span class='ocrx_word' id='word_1_58' title='bbox 380 1570 601 1653; x_wconf 86' lang='lat' dir='ltr'>(demosthen.)</span> <span class='ocrx_word' id='word_1_59' title='bbox 630 1570 718 1634; x_wconf 87' lang='lat' dir='ltr'>Rode</span> <span class='ocrx_word' id='word_1_60' title='bbox 746 1569 846 1664; x_wconf 74' lang='lat' dir='ltr'>uider</span> <span class='ocrx_word' id='word_1_61' title='bbox 874 1568 999 1650; x_wconf 85' lang='lat' dir='ltr'>Neaera</span> <span class='ocrx_word' id='word_1_62' title='bbox 1040 1568 1238 1652; x_wconf 89' lang='lat' dir='ltr'>eingelegton</span> <span class='ocrx_word' id='word_1_63' title='bbox 1269 1567 1478 1652; x_wconf 85' lang='lat' dir='ltr'>Zengenaus-</span> 
     </span>
     <span class='ocr_line' id='line_1_10' title="bbox 299 1675 1477 1761; baseline -0.002 -23"><span class='ocrx_word' id='word_1_64' title='bbox 299 1677 424 1759; x_wconf 80' lang='lat' dir='ltr'>sagen.“</span> <span class='ocrx_word' id='word_1_65' title='bbox 470 1675 512 1740; x_wconf 80' lang='lat' dir='ltr'>nt</span> <span class='ocrx_word' id='word_1_66' title='bbox 531 1676 668 1758; x_wconf 69' lang='lat' dir='ltr'>Staelrer¹</span> <span class='ocrx_word' id='word_1_67' title='bbox 686 1675 979 1761; x_wconf 88' lang='lat' dir='ltr'>quidemplurima</span> <span class='ocrx_word' id='word_1_68' title='bbox 1001 1675 1067 1738; x_wconf 87' lang='lat' dir='ltr'>litis</span> <span class='ocrx_word' id='word_1_69' title='bbox 1089 1676 1308 1757; x_wconf 90' lang='lat' dir='ltr'>instrumenta,</span> <span class='ocrx_word' id='word_1_70' title='bbox 1333 1693 1418 1758; x_wconf 86' lang='lat' dir='ltr'>quae</span> <span class='ocrx_word' id='word_1_71' title='bbox 1442 1676 1477 1737; x_wconf 89' lang='lat' dir='ltr'>in</span> 
     </span>
     <span class='ocr_line' id='line_1_11' title="bbox 300 1781 1531 1874; baseline -0.002 -28"><span class='ocrx_word' id='word_1_72' title='bbox 300 1783 445 1848; x_wconf 89' lang='lat' dir='ltr'>oratione</span> <span class='ocrx_word' id='word_1_73' title='bbox 474 1783 628 1846; x_wconf 81' lang='lat' dir='ltr'>adversus</span> <span class='ocrx_word' id='word_1_74' title='bbox 656 1783 812 1848; x_wconf 86' lang='lat' dir='ltr'>Neaeram</span> <span class='ocrx_word' id='word_1_75' title='bbox 841 1787 977 1864; x_wconf 85' lang='lat' dir='ltr'>exstant,</span> <span class='ocrx_word' id='word_1_76' title='bbox 1001 1783 1151 1864; x_wconf 88' lang='lat' dir='ltr'>genuina,</span> <span class='ocrx_word' id='word_1_77' title='bbox 1174 1781 1331 1846; x_wconf 85' lang='lat' dir='ltr'>nonnulla</span> <span class='ocrx_word' id='word_1_78' title='bbox 1355 1801 1477 1864; x_wconf 83' lang='lat' dir='ltr'>suppo·</span> <span class='ocrx_word' id='word_1_79' title='bbox 1530 1859 1531 1874; x_wconf 42' lang='lat'>,</span> 
     </span>
     <span class='ocr_line' id='line_1_12' title="bbox 298 1887 1476 1973; baseline -0.003 -19"><span class='ocrx_word' id='word_1_80' title='bbox 298 1891 359 1973; x_wconf 82' lang='lat' dir='ltr'>sita</span> <span class='ocrx_word' id='word_1_81' title='bbox 379 1908 448 1954; x_wconf 90' lang='lat' dir='ltr'>esse</span> <span class='ocrx_word' id='word_1_82' title='bbox 468 1896 581 1954; x_wconf 87' lang='lat' dir='ltr'>censet.</span> <span class='ocrx_word' id='word_1_83' title='bbox 611 1889 674 1953; x_wconf 81' lang='lat' dir='ltr'>Sed</span> <span class='ocrx_word' id='word_1_84' title='bbox 694 1890 892 1970; x_wconf 86' lang='lat' dir='ltr'>offensiones,</span> <span class='ocrx_word' id='word_1_85' title='bbox 912 1888 1029 1972; x_wconf 88' lang='lat' dir='ltr'>quibus</span> <span class='ocrx_word' id='word_1_86' title='bbox 1048 1893 1225 1952; x_wconf 86' lang='lat' dir='ltr'>commotus</span> <span class='ocrx_word' id='word_1_87' title='bbox 1245 1908 1321 1952; x_wconf 90' lang='lat' dir='ltr'>oum</span> <span class='ocrx_word' id='word_1_88' title='bbox 1329 1887 1476 1952; x_wconf 89' lang='lat' dir='ltr'>Wester·</span> 
     </span>
     <span class='ocr_line' id='line_1_13' title="bbox 299 1995 1476 2076; baseline -0.001 -18"><span class='ocrx_word' id='word_1_89' title='bbox 299 2016 417 2059; x_wconf 89' lang='lat' dir='ltr'>manno</span> <span class='ocrx_word' id='word_1_90' title='bbox 454 1996 493 2060; x_wconf 92' lang='lat' dir='ltr'>de</span> <span class='ocrx_word' id='word_1_91' title='bbox 526 1999 713 2062; x_wconf 85' lang='lat' dir='ltr'>anctoritate</span> <span class='ocrx_word' id='word_1_92' title='bbox 737 1997 995 2060; x_wconf 88' lang='lat' dir='ltr'>testimoniorum</span> <span class='ocrx_word' id='word_1_93' title='bbox 1029 1995 1068 2076; x_wconf 58' lang='grc' dir='ltr'>ἐξ</span> <span class='ocrx_word' id='word_1_94' title='bbox 1098 1997 1151 2076; x_wconf 76' lang='lat'>34,</span> <span class='ocrx_word' id='word_1_95' title='bbox 1183 1997 1235 2076; x_wconf 81' lang='lat'>54,</span> <span class='ocrx_word' id='word_1_96' title='bbox 1267 1997 1306 2058; x_wconf 77' lang='lat'>71</span> <span class='ocrx_word' id='word_1_97' title='bbox 1337 1995 1476 2076; x_wconf 88' lang='lat' dir='ltr'>dubitat,</span> 
     </span>
     <span class='ocr_line' id='line_1_14' title="bbox 298 2083 1475 2186; baseline 0 -22"><span class='ocrx_word' id='word_1_98' title='bbox 298 2122 350 2165; x_wconf 90' lang='lat' dir='ltr'>me</span> <span class='ocrx_word' id='word_1_99' title='bbox 368 2105 431 2165; x_wconf 89' lang='lat' dir='ltr'>iam</span> <span class='ocrx_word' id='word_1_100' title='bbox 456 2123 553 2186; x_wconf 86' lang='lat' dir='ltr'>supra</span> <span class='ocrx_word' id='word_1_101' title='bbox 577 2083 745 2168; x_wconf 75' lang='lat' dir='ltr'>sustulisse</span> <span class='ocrx_word' id='word_1_102' title='bbox 768 2109 853 2186; x_wconf 89' lang='lat' dir='ltr'>puto.</span> <span class='ocrx_word' id='word_1_103' title='bbox 899 2101 948 2166; x_wconf 87' lang='lat' dir='ltr'>De</span> <span class='ocrx_word' id='word_1_104' title='bbox 971 2102 1136 2168; x_wconf 88' lang='lat' dir='ltr'>nonnullis</span> <span class='ocrx_word' id='word_1_105' title='bbox 1159 2102 1364 2186; x_wconf 86' lang='lat' dir='ltr'>argumentis,</span> <span class='ocrx_word' id='word_1_106' title='bbox 1389 2121 1475 2184; x_wconf 90' lang='lat' dir='ltr'>quae</span> 
     </span>
     <span class='ocr_line' id='line_1_15' title="bbox 296 2206 1475 2290; baseline 0 -18"><span class='ocrx_word' id='word_1_107' title='bbox 296 2208 562 2275; x_wconf 90' lang='lat' dir='ltr'>Westermannns</span> <span class='ocrx_word' id='word_1_108' title='bbox 586 2216 616 2274; x_wconf 89' lang='lat' dir='ltr'>et</span> <span class='ocrx_word' id='word_1_109' title='bbox 639 2209 695 2272; x_wconf 91' lang='lat' dir='ltr'>alii</span> <span class='ocrx_word' id='word_1_110' title='bbox 718 2215 828 2273; x_wconf 88' lang='lat' dir='ltr'>contra</span> <span class='ocrx_word' id='word_1_111' title='bbox 852 2215 971 2272; x_wconf 88' lang='lat' dir='ltr'>ceteras</span> <span class='ocrx_word' id='word_1_112' title='bbox 994 2208 1147 2272; x_wconf 87' lang='lat' dir='ltr'>formulas</span> <span class='ocrx_word' id='word_1_113' title='bbox 1172 2206 1356 2290; x_wconf 74' lang='lat' dir='ltr'>attinerent,</span> <span class='ocrx_word' id='word_1_114' title='bbox 1385 2209 1475 2278; x_wconf 90' lang='lat' dir='ltr'>idem</span> 
     </span>
     <span class='ocr_line' id='line_1_16' title="bbox 297 2315 1475 2399; baseline 0.001 -21"><span class='ocrx_word' id='word_1_115' title='bbox 297 2317 421 2380; x_wconf 89' lang='lat' dir='ltr'>iudicat</span> <span class='ocrx_word' id='word_1_116' title='bbox 454 2323 551 2399; x_wconf 88' lang='lat' dir='ltr'>atque</span> <span class='ocrx_word' id='word_1_117' title='bbox 584 2336 660 2399; x_wconf 71' lang='lat' dir='ltr'>ego,</span> <span class='ocrx_word' id='word_1_118' title='bbox 685 2317 741 2379; x_wconf 91' lang='lat' dir='ltr'>sed</span> <span class='ocrx_word' id='word_1_119' title='bbox 764 2316 861 2379; x_wconf 91' lang='lat' dir='ltr'>fidem</span> <span class='ocrx_word' id='word_1_120' title='bbox 885 2335 998 2380; x_wconf 92' lang='lat' dir='ltr'>earnm</span> <span class='ocrx_word' id='word_1_121' title='bbox 1021 2316 1092 2379; x_wconf 90' lang='lat' dir='ltr'>aliis</span> <span class='ocrx_word' id='word_1_122' title='bbox 1112 2333 1241 2398; x_wconf 89' lang='lat' dir='ltr'>quoque</span> <span class='ocrx_word' id='word_1_123' title='bbox 1266 2320 1297 2378; x_wconf 88' lang='lat' dir='ltr'>et</span> <span class='ocrx_word' id='word_1_124' title='bbox 1319 2315 1475 2398; x_wconf 84' lang='lat' dir='ltr'>graviori-</span> 
     </span>
     <span class='ocr_line' id='line_1_17' title="bbox 298 2420 1472 2506; baseline 0.001 -22"><span class='ocrx_word' id='word_1_125' title='bbox 298 2423 360 2486; x_wconf 92' lang='lat' dir='ltr'>bus</span> <span class='ocrx_word' id='word_1_126' title='bbox 384 2425 581 2506; x_wconf 81' lang='lat' dir='ltr'>argumentis</span> <span class='ocrx_word' id='word_1_127' title='bbox 606 2423 844 2486; x_wconf 85' lang='lat' dir='ltr'>oonfirmavisse</span> <span class='ocrx_word' id='word_1_128' title='bbox 867 2423 947 2487; x_wconf 87' lang='lat' dir='ltr'>mihi</span> <span class='ocrx_word' id='word_1_129' title='bbox 973 2422 1094 2486; x_wconf 83' lang='lat' dir='ltr'>videor.</span> <span class='ocrx_word' id='word_1_130' title='bbox 1119 2420 1223 2494; x_wconf 87' lang='lat' dir='ltr'>Multa</span> <span class='ocrx_word' id='word_1_131' title='bbox 1246 2425 1361 2502; x_wconf 88' lang='lat' dir='ltr'>autem,</span> <span class='ocrx_word' id='word_1_132' title='bbox 1387 2441 1472 2504; x_wconf 91' lang='lat' dir='ltr'>quae</span> 
     </span>
    </p>
   </div>
   <div class='ocr_carea' id='block_1_3' title="bbox 295 2513 1476 2807">
    <p class='ocr_par' dir='ltr' id='par_1_3' title="bbox 295 2513 1476 2807">
     <span class='ocr_line' id='line_1_18' title="bbox 295 2513 1476 2612; baseline 0.001 -22"><span class='ocrx_word' id='word_1_133' title='bbox 295 2529 350 2591; x_wconf 89' lang='lat' dir='ltr'>ille</span> <span class='ocrx_word' id='word_1_134' title='bbox 385 2529 541 2612; x_wconf 88' lang='lat' dir='ltr'>disputat,</span> <span class='ocrx_word' id='word_1_135' title='bbox 575 2531 705 2592; x_wconf 92' lang='lat' dir='ltr'>omnino</span> <span class='ocrx_word' id='word_1_136' title='bbox 737 2549 803 2592; x_wconf 91' lang='lat' dir='ltr'>non</span> <span class='ocrx_word' id='word_1_137' title='bbox 837 2528 1025 2612; x_wconf 76' lang='lat' dir='ltr'>oompr0b03</span> <span class='ocrx_word' id='word_1_138' title='bbox 1064 2548 1106 2592; x_wconf 82' lang='lat' dir='ltr'>ex</span> <span class='ocrx_word' id='word_1_139' title='bbox 1139 2513 1257 2610; x_wconf 76' lang='lat' dir='ltr'>quilius</span> <span class='ocrx_word' id='word_1_140' title='bbox 1298 2547 1351 2610; x_wconf 89' lang='lat' dir='ltr'>ea,</span> <span class='ocrx_word' id='word_1_141' title='bbox 1391 2517 1476 2611; x_wconf 84' lang='lat' dir='ltr'>quae</span> 
     </span>
     <span class='ocr_line' id='line_1_19' title="bbox 296 2636 1475 2719; baseline 0.002 -23"><span class='ocrx_word' id='word_1_142' title='bbox 296 2636 424 2699; x_wconf 90' lang='lat' dir='ltr'>maioris</span> <span class='ocrx_word' id='word_1_143' title='bbox 453 2637 605 2699; x_wconf 90' lang='lat' dir='ltr'>momenti</span> <span class='ocrx_word' id='word_1_144' title='bbox 638 2641 729 2717; x_wconf 90' lang='lat' dir='ltr'>sunt,</span> <span class='ocrx_word' id='word_1_145' title='bbox 769 2637 828 2698; x_wconf 91' lang='lat' dir='ltr'>hoo</span> <span class='ocrx_word' id='word_1_146' title='bbox 869 2637 939 2699; x_wconf 94' lang='lat' dir='ltr'>looo</span> <span class='ocrx_word' id='word_1_147' title='bbox 972 2637 1082 2719; x_wconf 87' lang='lat' dir='ltr'>paucis</span> <span class='ocrx_word' id='word_1_148' title='bbox 1116 2653 1362 2698; x_wconf 89' lang='lat' dir='ltr'>commemorare</span> <span class='ocrx_word' id='word_1_149' title='bbox 1394 2637 1475 2698; x_wconf 88' lang='lat' dir='ltr'>mihi</span> 
     </span>
     <span class='ocr_line' id='line_1_20' title="bbox 297 2741 499 2807; baseline 0.025 -5"><span class='ocrx_word' id='word_1_150' title='bbox 297 2741 401 2806; x_wconf 82' lang='lat' dir='ltr'>liceat.</span> <span class='ocrx_word' id='word_1_151' title='bbox 497 2803 499 2807; x_wconf 87' lang='lat'>.</span> 
     </span>
    </p>
   </div>
   <div class='ocr_carea' id='block_1_4' title="bbox 291 2865 1495 4461">
    <p class='ocr_par' dir='ltr' id='par_1_4' title="bbox 293 2865 1495 3588">
     <span class='ocr_line' id='line_1_21' title="bbox 299 2865 1472 2950; baseline 0.003 -23"><span class='ocrx_word' id='word_1_152' title='bbox 299 2893 303 2900; x_wconf 90' lang='grc'><em>·</em></span> <span class='ocrx_word' id='word_1_153' title='bbox 384 2866 476 2946; x_wconf 85' lang='lat' dir='ltr'>illud,</span> <span class='ocrx_word' id='word_1_154' title='bbox 506 2868 592 2949; x_wconf 92' lang='lat' dir='ltr'>quod</span> <span class='ocrx_word' id='word_1_155' title='bbox 616 2867 690 2930; x_wconf 88' lang='lat' dir='ltr'>Van</span> <span class='ocrx_word' id='word_1_156' title='bbox 721 2867 783 2928; x_wconf 88' lang='lat' dir='ltr'>den</span> <span class='ocrx_word' id='word_1_157' title='bbox 805 2865 850 2929; x_wconf 80' lang='lat' dir='ltr'>Es</span> <span class='ocrx_word' id='word_1_158' title='bbox 880 2887 951 2950; x_wconf 86' lang='lat' dir='ltr'>pag.</span> <span class='ocrx_word' id='word_1_159' title='bbox 981 2869 1023 2929; x_wconf 76' lang='lat'>22</span> <span class='ocrx_word' id='word_1_160' title='bbox 1053 2869 1158 2950; x_wconf 88' lang='lat' dir='ltr'>priore</span> <span class='ocrx_word' id='word_1_161' title='bbox 1184 2868 1254 2930; x_wconf 87' lang='lat' dir='ltr'>loco</span> <span class='ocrx_word' id='word_1_162' title='bbox 1284 2865 1362 2928; x_wconf 86' lang='lat' dir='ltr'>fidei</span> <span class='ocrx_word' id='word_1_163' title='bbox 1392 2867 1472 2950; x_wconf 85' lang='lat' dir='ltr'>legis</span> 
     </span>
     <span class='ocr_line' id='line_1_22' title="bbox 296 2972 1471 3055; baseline 0.003 -22"><span class='ocrx_word' id='word_1_164' title='bbox 296 2973 315 3050; x_wconf 63' lang='grc' dir='ltr'><strong>ξ</strong></span> <span class='ocrx_word' id='word_1_165' title='bbox 341 2973 380 3034; x_wconf 88' lang='grc'>16</span> <span class='ocrx_word' id='word_1_166' title='bbox 406 2975 546 3055; x_wconf 88' lang='lat' dir='ltr'>opponit,</span> <span class='ocrx_word' id='word_1_167' title='bbox 580 2972 710 3037; x_wconf 83' lang='lat' dir='ltr'>Staoker</span> <span class='ocrx_word' id='word_1_168' title='bbox 740 2993 805 3036; x_wconf 91' lang='lat' dir='ltr'>non</span> <span class='ocrx_word' id='word_1_169' title='bbox 836 2974 1034 3037; x_wconf 84' lang='lat' dir='ltr'>intellexisse</span> <span class='ocrx_word' id='word_1_170' title='bbox 1057 2973 1194 3036; x_wconf 84' lang='lat' dir='ltr'>videtur.</span> <span class='ocrx_word' id='word_1_171' title='bbox 1243 2973 1318 3036; x_wconf 86' lang='lat' dir='ltr'>Van</span> <span class='ocrx_word' id='word_1_172' title='bbox 1342 2972 1406 3036; x_wconf 89' lang='lat' dir='ltr'>den</span> <span class='ocrx_word' id='word_1_173' title='bbox 1428 2973 1471 3036; x_wconf 86' lang='lat' dir='ltr'>Es</span> 
     </span>
     <span class='ocr_line' id='line_1_23' title="bbox 296 3078 1469 3170; baseline 0.003 -31"><span class='ocrx_word' id='word_1_174' title='bbox 296 3078 392 3170; x_wconf 32' lang='lat' dir='ltr'>enim,</span> <span class='ocrx_word' id='word_1_175' title='bbox 410 3097 476 3141; x_wconf 94' lang='lat' dir='ltr'>non</span> <span class='ocrx_word' id='word_1_176' title='bbox 499 3081 670 3163; x_wconf 82' lang='lat' dir='ltr'>vituperat,</span> <span class='ocrx_word' id='word_1_177' title='bbox 693 3081 725 3142; x_wconf 89' lang='lat' dir='ltr'>id</span> <span class='ocrx_word' id='word_1_178' title='bbox 751 3079 837 3162; x_wconf 91' lang='lat' dir='ltr'>quod</span> <span class='ocrx_word' id='word_1_179' title='bbox 867 3082 902 3141; x_wconf 91' lang='lat' dir='ltr'>in</span> <span class='ocrx_word' id='word_1_180' title='bbox 925 3080 1062 3142; x_wconf 86' lang='lat' dir='ltr'>formula</span> <span class='ocrx_word' id='word_1_181' title='bbox 1079 3079 1226 3163; x_wconf 86' lang='lat' dir='ltr'>legimus,</span> <span class='ocrx_word' id='word_1_182' title='bbox 1254 3081 1469 3163; x_wconf 86' lang='lat' dir='ltr'>peregrinum,</span> 
     </span>
     <span class='ocr_line' id='line_1_24' title="bbox 296 3185 1471 3269; baseline 0.003 -23"><span class='ocrx_word' id='word_1_183' title='bbox 296 3185 352 3266; x_wconf 90' lang='lat' dir='ltr'>qni</span> <span class='ocrx_word' id='word_1_184' title='bbox 386 3186 489 3248; x_wconf 79' lang='lat' dir='ltr'>oiyem</span> <span class='ocrx_word' id='word_1_185' title='bbox 512 3187 546 3248; x_wconf 91' lang='lat' dir='ltr'>in</span> <span class='ocrx_word' id='word_1_186' title='bbox 576 3187 816 3250; x_wconf 87' lang='lat' dir='ltr'>matrimonium</span> <span class='ocrx_word' id='word_1_187' title='bbox 846 3187 1009 3267; x_wconf 87' lang='lat' dir='ltr'>duxisset,</span> <span class='ocrx_word' id='word_1_188' title='bbox 1037 3188 1183 3269; x_wconf 83' lang='lat' dir='ltr'>graviore</span> <span class='ocrx_word' id='word_1_189' title='bbox 1206 3205 1309 3269; x_wconf 91' lang='lat' dir='ltr'>poena</span> <span class='ocrx_word' id='word_1_190' title='bbox 1341 3186 1471 3250; x_wconf 85' lang='lat' dir='ltr'>multari</span> 
     </span>
     <span class='ocr_line' id='line_1_25' title="bbox 299 3279 1495 3377; baseline 0.003 -23"><span class='ocrx_word' id='word_1_191' title='bbox 299 3311 396 3372; x_wconf 87' lang='lat' dir='ltr'>quam</span> <span class='ocrx_word' id='word_1_192' title='bbox 429 3294 542 3373; x_wconf 83' lang='lat' dir='ltr'>civem,</span> <span class='ocrx_word' id='word_1_193' title='bbox 573 3295 629 3375; x_wconf 91' lang='lat' dir='ltr'>qni</span> <span class='ocrx_word' id='word_1_194' title='bbox 660 3294 861 3377; x_wconf 82' lang='lat' dir='ltr'>peregrinam</span> <span class='ocrx_word' id='word_1_195' title='bbox 885 3293 1050 3373; x_wconf 84' lang='lat' dir='ltr'>duxisset,</span> <span class='ocrx_word' id='word_1_196' title='bbox 1083 3293 1139 3356; x_wconf 88' lang='lat' dir='ltr'>sed</span> <span class='ocrx_word' id='word_1_197' title='bbox 1166 3295 1283 3376; x_wconf 87' lang='lat' dir='ltr'>potius,</span> <span class='ocrx_word' id='word_1_198' title='bbox 1312 3294 1386 3375; x_wconf 85' lang='lat' dir='ltr'>oivi,</span> <span class='ocrx_word' id='word_1_199' title='bbox 1416 3279 1495 3376; x_wconf 56' lang='lat' dir='ltr'>qui&#39;</span> 
     </span>
     <span class='ocr_line' id='line_1_26' title="bbox 294 3396 1470 3480; baseline 0.006 -22"><span class='ocrx_word' id='word_1_200' title='bbox 294 3396 410 3461; x_wconf 86' lang='lat' dir='ltr'>fraude</span> <span class='ocrx_word' id='word_1_201' title='bbox 441 3399 680 3463; x_wconf 83' lang='lat' dir='ltr'>circumventus</span> <span class='ocrx_word' id='word_1_202' title='bbox 712 3401 956 3463; x_wconf 86' lang='lat' dir='ltr'>matrimonium</span> <span class='ocrx_word' id='word_1_203' title='bbox 987 3400 1129 3480; x_wconf 90' lang='lat' dir='ltr'>iniisset,</span> <span class='ocrx_word' id='word_1_204' title='bbox 1170 3401 1301 3463; x_wconf 91' lang='lat' dir='ltr'>omnino</span> <span class='ocrx_word' id='word_1_205' title='bbox 1333 3401 1470 3464; x_wconf 89' lang='lat' dir='ltr'>multam</span> 
     </span>
     <span class='ocr_line' id='line_1_27' title="bbox 293 3505 435 3588; baseline 0.028 -23"><span class='ocrx_word' id='word_1_206' title='bbox 293 3505 435 3588; x_wconf 88' lang='lat' dir='ltr'>irrogari.</span> 
     </span>
    </p>

    <p class='ocr_par' dir='ltr' id='par_1_5' title="bbox 291 3615 1469 4461">
     <span class='ocr_line' id='line_1_28' title="bbox 384 3630 1469 3713; baseline 0 -20"><span class='ocrx_word' id='word_1_207' title='bbox 384 3630 477 3694; x_wconf 80' lang='lat' dir='ltr'>Falso</span> <span class='ocrx_word' id='word_1_208' title='bbox 500 3651 569 3713; x_wconf 88' lang='lat' dir='ltr'>pag.</span> <span class='ocrx_word' id='word_1_209' title='bbox 595 3632 637 3694; x_wconf 82' lang='lat'>37</span> <span class='ocrx_word' id='word_1_210' title='bbox 662 3630 793 3712; x_wconf 86' lang='lat' dir='ltr'>Lysiam</span> <span class='ocrx_word' id='word_1_211' title='bbox 817 3631 958 3694; x_wconf 89' lang='lat' dir='ltr'>Neaerae</span> <span class='ocrx_word' id='word_1_212' title='bbox 977 3637 1150 3696; x_wconf 88' lang='lat' dir='ltr'>amatorem</span> <span class='ocrx_word' id='word_1_213' title='bbox 1168 3637 1274 3710; x_wconf 86' lang='lat' dir='ltr'>vocat;</span> <span class='ocrx_word' id='word_1_214' title='bbox 1299 3649 1377 3693; x_wconf 90' lang='lat' dir='ltr'>nam</span> <span class='ocrx_word' id='word_1_215' title='bbox 1396 3650 1469 3696; x_wconf 91' lang='lat' dir='ltr'>oon-</span> 
     </span>
     <span class='ocr_line' id='line_1_29' title="bbox 294 3735 1469 3822; baseline 0.001 -23"><span class='ocrx_word' id='word_1_216' title='bbox 294 3742 364 3818; x_wconf 89' lang='lat' dir='ltr'>stat,</span> <span class='ocrx_word' id='word_1_217' title='bbox 395 3735 526 3818; x_wconf 83' lang='lat' dir='ltr'>Lysiam</span> <span class='ocrx_word' id='word_1_218' title='bbox 550 3756 624 3801; x_wconf 88' lang='lat' dir='ltr'>cum</span> <span class='ocrx_word' id='word_1_219' title='bbox 646 3737 804 3802; x_wconf 86' lang='lat' dir='ltr'>Metanira</span> <span class='ocrx_word' id='word_1_220' title='bbox 826 3757 893 3802; x_wconf 90' lang='lat' dir='ltr'>rem</span> <span class='ocrx_word' id='word_1_221' title='bbox 916 3737 1073 3802; x_wconf 89' lang='lat' dir='ltr'>habuisse.</span> <span class='ocrx_word' id='word_1_222' title='bbox 1128 3737 1242 3821; x_wconf 89' lang='lat' dir='ltr'>Neque</span> <span class='ocrx_word' id='word_1_223' title='bbox 1264 3739 1363 3822; x_wconf 89' lang='lat' dir='ltr'>igitur</span> <span class='ocrx_word' id='word_1_224' title='bbox 1385 3743 1469 3802; x_wconf 87' lang='lat' dir='ltr'>recte</span> 
     </span>
     <span class='ocr_line' id='line_1_30' title="bbox 295 3841 1468 3928; baseline 0 -22"><span class='ocrx_word' id='word_1_225' title='bbox 295 3843 428 3907; x_wconf 77' lang='lat' dir='ltr'>Staelier</span> <span class='ocrx_word' id='word_1_226' title='bbox 451 3841 537 3924; x_wconf 84' lang='lat' dir='ltr'>dicit,</span> <span class='ocrx_word' id='word_1_227' title='bbox 562 3863 603 3906; x_wconf 85' lang='lat' dir='ltr'>ex</span> <span class='ocrx_word' id='word_1_228' title='bbox 627 3863 672 3926; x_wconf 92' lang='lat' dir='ltr'>eo,</span> <span class='ocrx_word' id='word_1_229' title='bbox 693 3844 779 3926; x_wconf 92' lang='lat' dir='ltr'>quod</span> <span class='ocrx_word' id='word_1_230' title='bbox 801 3842 926 3907; x_wconf 85' lang='lat' dir='ltr'>Neaera</span> <span class='ocrx_word' id='word_1_231' title='bbox 954 3865 1069 3928; x_wconf 87' lang='lat' dir='ltr'>corpus</span> <span class='ocrx_word' id='word_1_232' title='bbox 1097 3865 1193 3909; x_wconf 92' lang='lat' dir='ltr'>suum</span> <span class='ocrx_word' id='word_1_233' title='bbox 1216 3844 1331 3926; x_wconf 86' lang='lat' dir='ltr'>Lysiae</span> <span class='ocrx_word' id='word_1_234' title='bbox 1358 3844 1468 3907; x_wconf 88' lang='lat' dir='ltr'>vendi-</span> 
     </span>
     <span class='ocr_line' id='line_1_31' title="bbox 294 3949 1466 4036; baseline 0.002 -24"><span class='ocrx_word' id='word_1_235' title='bbox 294 3951 382 4032; x_wconf 88' lang='lat' dir='ltr'>derit,</span> <span class='ocrx_word' id='word_1_236' title='bbox 407 3949 556 4014; x_wconf 88' lang='lat' dir='ltr'>oonoludi</span> <span class='ocrx_word' id='word_1_237' title='bbox 578 3969 680 4034; x_wconf 88' lang='lat' dir='ltr'>posse,</span> <span class='ocrx_word' id='word_1_238' title='bbox 713 3950 790 4014; x_wconf 88' lang='lat' dir='ltr'>alias</span> <span class='ocrx_word' id='word_1_239' title='bbox 815 3970 944 4033; x_wconf 82' lang='lat' dir='ltr'>qnoque¹</span> <span class='ocrx_word' id='word_1_240' title='bbox 965 3950 1122 4016; x_wconf 88' lang='lat' dir='ltr'>Neaeram</span> <span class='ocrx_word' id='word_1_241' title='bbox 1145 3969 1276 4036; x_wconf 86' lang='lat' dir='ltr'>corpore</span> <span class='ocrx_word' id='word_1_242' title='bbox 1305 3952 1466 4015; x_wconf 85' lang='lat' dir='ltr'>meruisse.</span> 
     </span>
     <span class='ocr_line' id='line_1_32' title="bbox 292 4056 1466 4142; baseline 0.002 -24"><span class='ocrx_word' id='word_1_243' title='bbox 292 4056 441 4120; x_wconf 86' lang='lat' dir='ltr'>Alterum</span> <span class='ocrx_word' id='word_1_244' title='bbox 476 4076 606 4140; x_wconf 90' lang='lat' dir='ltr'>quoque</span> <span class='ocrx_word' id='word_1_245' title='bbox 645 4062 880 4140; x_wconf 90' lang='lat' dir='ltr'>argumentum,</span> <span class='ocrx_word' id='word_1_246' title='bbox 910 4058 995 4140; x_wconf 87' lang='lat' dir='ltr'>quod</span> <span class='ocrx_word' id='word_1_247' title='bbox 1024 4058 1156 4123; x_wconf 84' lang='lat' dir='ltr'>Staelrer</span> <span class='ocrx_word' id='word_1_248' title='bbox 1187 4059 1320 4142; x_wconf 85' lang='lat' dir='ltr'>profert,</span> <span class='ocrx_word' id='word_1_249' title='bbox 1361 4057 1466 4120; x_wconf 92' lang='lat' dir='ltr'>Philo·</span> 
     </span>
     <span class='ocr_line' id='line_1_33' title="bbox 292 4163 1467 4246; baseline 0.003 -21"><span class='ocrx_word' id='word_1_250' title='bbox 292 4167 435 4244; x_wconf 89' lang='lat' dir='ltr'>stratum,</span> <span class='ocrx_word' id='word_1_251' title='bbox 459 4183 534 4227; x_wconf 92' lang='lat' dir='ltr'>oum</span> <span class='ocrx_word' id='word_1_252' title='bbox 557 4169 650 4227; x_wconf 91' lang='lat' dir='ltr'>antea</span> <span class='ocrx_word' id='word_1_253' title='bbox 672 4163 825 4228; x_wconf 88' lang='lat' dir='ltr'>Neaeram</span> <span class='ocrx_word' id='word_1_254' title='bbox 849 4185 916 4229; x_wconf 94' lang='lat' dir='ltr'>non</span> <span class='ocrx_word' id='word_1_255' title='bbox 938 4167 1086 4246; x_wconf 87' lang='lat' dir='ltr'>novisset,</span> <span class='ocrx_word' id='word_1_256' title='bbox 1111 4167 1241 4228; x_wconf 90' lang='lat' dir='ltr'>omnino</span> <span class='ocrx_word' id='word_1_257' title='bbox 1260 4163 1352 4245; x_wconf 88' lang='lat' dir='ltr'>illud,</span> <span class='ocrx_word' id='word_1_258' title='bbox 1383 4166 1467 4246; x_wconf 92' lang='lat' dir='ltr'>qnod</span> 
     </span>
     <span class='ocr_line' id='line_1_34' title="bbox 292 4255 1464 4356; baseline 0.002 -24"><span class='ocrx_word' id='word_1_259' title='bbox 292 4274 397 4332; x_wconf 89' lang='lat' dir='ltr'>orator</span> <span class='ocrx_word' id='word_1_260' title='bbox 420 4255 498 4334; x_wconf 85' lang='lat' dir='ltr'>dicit</span> <span class='ocrx_word' id='word_1_261' title='bbox 519 4271 573 4334; x_wconf 82' lang='grc' dir='ltr'>καὶ</span> <span class='ocrx_word' id='word_1_262' title='bbox 592 4265 779 4354; x_wconf 70' lang='grc' dir='ltr'><em>ἐμισθάρνει</em></span> <span class='ocrx_word' id='word_1_263' title='bbox 798 4273 844 4356; x_wconf 77' lang='grc' dir='ltr'>τῷ</span> <span class='ocrx_word' id='word_1_264' title='bbox 862 4271 1046 4356; x_wconf 76' lang='grc' dir='ltr'><em>βουλομένῳ</em></span> <span class='ocrx_word' id='word_1_265' title='bbox 1067 4265 1255 4353; x_wconf 76' lang='grc' dir='ltr'><em>ἀναλίσκειν,</em></span> <span class='ocrx_word' id='word_1_266' title='bbox 1274 4271 1383 4334; x_wconf 85' lang='lat' dir='ltr'>testari</span> <span class='ocrx_word' id='word_1_267' title='bbox 1401 4290 1464 4334; x_wconf 92' lang='lat' dir='ltr'>non</span> 
     </span>
     <span class='ocr_line' id='line_1_35' title="bbox 291 4376 1464 4461; baseline 0.003 -23"><span class='ocrx_word' id='word_1_268' title='bbox 291 4377 447 4458; x_wconf 87' lang='lat' dir='ltr'>potuisse,</span> <span class='ocrx_word' id='word_1_269' title='bbox 469 4376 575 4442; x_wconf 87' lang='lat' dir='ltr'>futtile</span> <span class='ocrx_word' id='word_1_270' title='bbox 598 4379 733 4443; x_wconf 87' lang='lat' dir='ltr'>videtur.</span> <span class='ocrx_word' id='word_1_271' title='bbox 784 4377 867 4441; x_wconf 91' lang='lat' dir='ltr'>Nam</span> <span class='ocrx_word' id='word_1_272' title='bbox 896 4379 922 4442; x_wconf 89' lang='lat' dir='ltr'>si</span> <span class='ocrx_word' id='word_1_273' title='bbox 945 4378 1069 4442; x_wconf 86' lang='lat' dir='ltr'>Neaera</span> <span class='ocrx_word' id='word_1_274' title='bbox 1091 4379 1228 4442; x_wconf 86' lang='lat' dir='ltr'>Athenis</span> <span class='ocrx_word' id='word_1_275' title='bbox 1253 4397 1290 4442; x_wconf 88' lang='lat' dir='ltr'>eo</span> <span class='ocrx_word' id='word_1_276' title='bbox 1305 4382 1464 4461; x_wconf 89' lang='lat' dir='ltr'>tempore,</span> 
     </span>
    </p>
   </div>
   <div class='ocr_carea' id='block_1_5' title="bbox 0 0 1556 5000">
    <p class='ocr_par' dir='ltr' id='par_1_6' title="bbox 0 0 1556 5000">
     <span class='ocr_line' id='line_1_36' title="bbox 0 0 1556 5000; baseline 0 2"><span class='ocrx_word' id='word_1_277' title='bbox 0 0 1556 5000; x_wconf 95' lang='lat' dir='ltr'> </span> 
     </span>
    </p>
   </div>
  </div>
 </body>
</html>
