3102 5000
560 347 782 408 „25-

66 522 240 586 confessus
273 527 354 605 erat,
386 543 461 588 cum
489 524 596 588 iurare
627 542 689 586 non
724 523 869 605 auderet,
901 523 1013 588 Phano
1043 543 1113 589 esso
1141 527 1254 590 civem.

68 629 222 695 Primum
244 631 344 716 igitur
363 629 484 712 dubito,
506 649 587 694 num
605 629 758 694 Phrastor
780 630 840 694 hoc
858 633 967 694 testari
989 631 1134 696 voluerit
1174 631 1255 696 Tum

68 739 98 800 si
125 736 339 818 Brytidarum
362 738 582 802 testimonium
608 738 653 802 ita
683 739 894 821 compositum
927 743 1009 820 erat,
1038 743 1075 801 ut
1102 738 1179 802 iude
1202 759 1257 822 ap·

66 849 209 928 pareret,
225 837 429 909 Phrastorem
441 845 527 928 leges
544 844 724 925 violavisse,
738 844 917 928 periculum
935 851 1011 926 erat,
1031 865 1073 910 ne
1088 849 1255 929 propterea

67 955 107 1015 in
140 952 301 1016 iudicium
330 957 514 1033 vocaretur3
543 970 619 1014 narn
647 951 735 1014 haud
763 950 860 1015 dubie
887 952 1089 1035 aliquantum
1115 952 1256 1033 interest,

68 1063 188 1122 utrum
220 1064 326 1122 orator
357 1058 432 1121 talia
462 1057 613 1142 proferat,
649 1077 691 1119 an
723 1076 761 1121 ea
793 1059 985 1122 testimoniis
1018 1057 1256 1122 confirmentur.

65 1165 200 1229 Idcirco
228 1166 328 1250 igitur
354 1184 427 1229 mea
456 1166 613 1228 sententia
640 1169 762 1247 orator,
791 1165 848 1248 qui
879 1165 944 1228 iam
971 1166 1008 1228 in
1036 1163 1256 1248 componendo

68 1274 182 1358 priore
215 1273 396 1337 testimonio
432 1271 632 1335 Phrastorem
671 1271 877 1355 indulgenter
909 1277 1113 1353 mactaverat,
1150 1290 1256 1354 neque

69 1400 152 1445 eum
171 1381 290 1464 ipsum
306 1379 346 1442 ad
366 1379 585 1443 testimouium
605 1378 778 1442 dicendum
795 1379 923 1442 vocavit
945 1379 1029 1442 etin
1047 1377 1256 1460 Brytidarum

67 1488 259 1551 testimonio
279 1505 439 1550 summam
457 1489 583 1548 tantum
601 1503 718 1568 rerum,
738 1484 941 1568 quaefactae
961 1491 1060 1567 erant,
1077 1486 1255 1569 inscripsit:
1322 1487 1324 1492 '

68 1593 228 1674 Brytidas
251 1591 454 1657 Phrastorem
477 1591 696 1675 prohibuisse,
724 1593 900 1676 quominus
931 1591 1035 1655 filium
1064 1593 1101 1654 in
1127 1595 1256 1676 gentem

67 1699 250 1764 induceret.
261 1701 284 1780 1)
394 1766 396 1770 .

163 1804 203 1868 Id
224 1806 326 1889 igitur
349 1805 504 1888 explicari
526 1811 640 1890 potest,
665 1825 724 1869 cur
748 1809 854 1870 orator
876 1807 945 1890 ipse
968 1807 1187 1870 testimouium
1210 1806 1256 1868 ita

71 1913 307 1998 composuerit,
338 1912 394 1976 sed
426 1932 492 1977 non
515 1913 627 1994 video,
642 1953 644 1958 -
659 1932 723 1996 qua
755 1911 795 1976 de
828 1931 924 1976 causa
953 1911 1119 1976 falsarium
1147 1930 1256 1976 rerum

70 2020 162 2104 apud
186 2020 355 2084 diaetetam
373 2024 517 2082 actarum
535 2021 732 2082 mentionem
749 2037 817 2082 non
834 2018 946 2082 fecisse
965 2017 1124 2098 dicamus3
1146 2037 1254 2101 quam·

73 2129 125 2190 vis
149 2128 235 2190 enim
254 2125 460 2209 indiligenter
482 2127 660 2210 perlegeret
679 2145 761 2210 quae
785 2125 979 2190 antecedunt
1002 2144 1039 2188 ao
1059 2143 1142 2210 quae
1162 2143 1256 2208 sequ-

73 2238 178 2298 untur
202 2233 267 2314 (cir.
292 2233 331 2313 ἐξ
356 2234 408 2308 62,
431 2234 502 2314 63),
529 2231 640 2315 fugere
668 2251 742 2296 eum
769 2251 835 2295 non
863 2236 1001 2316 poterat,
1030 2237 1188 2296 oratorem
1215 2231 1255 2294 iis

73 2359 229 2422 magnam
251 2340 318 2402 vim
342 2337 493 2403 tribuere.

167 2447 311 2530 Denique
346 2443 612 2511 Westermannus
643 2449 680 2510 in
708 2445 898 2529 ambagibus
932 2445 1104 2511 verborum
1136 2468 1255 2532 μαρτυ-

74 2555 187 2634 ροῦσιν
202 2543 286 2614 εἶναι
308 2551 362 2613 καὶ
386 2543 502 2623 αὐτοὺς
524 2554 578 2616 καὶ
599 2547 769 2638 Φράστορα
784 2549 841 2615 τὸν
858 2549 996 2631 Αἰγιλιέα
1014 2556 1078 2616 τῶν
1091 2558 1256 2640 γεννητῶν,

73 2657 109 2722 οἳ
131 2659 304 2722 καλοῦνται
321 2658 476 2741 Βρυτίδαι
494 2660 632 2725 offendit.
680 2660 740 2724 Oui
758 2662 922 2742 assentior,
941 2659 1097 2725 Meierum
1116 2662 1195 2726 falso
1217 2662 1255 2726 de

73 2769 117 2830 iis
141 2767 221 2830 haec
244 2767 459 2832 annotavisse:
501 2768 626 2850 „Testes
655 2768 740 2853 quod
763 2769 917 2852 ingente
954 2787 1013 2830 sua
1044 2767 1254 2850 significanda

74 2873 175 2937 tantis
198 2878 336 2937 utuntur
354 2875 527 2939 verborum
557 2875 747 2958 ambagibus
769 2874 935 2959 probabile
957 2872 1042 2955 facit,
1064 2893 1183 2938 nomen
1202 2881 1258 2939 aut

77 3001 148 3044 non
171 2980 345 3044 admodum
377 2983 410 3044 in
445 3001 509 3046 usu
537 2981 636 3046 fuisse
664 2987 720 3046 aut
747 2980 899 3046 habuisse
923 2981 1061 3064 aliquid,
1096 2981 1181 3065 quod
1210 2983 1258 3046 rei

77 3089 210 3150 veritati
248 3090 466 3172 repugnaret.“
527 3088 590 3153 Sed
620 3090 772 3173 quoniam
804 3088 954 3169 vidimus,
994 3088 1073 3152 tales
1106 3088 1257 3172 ambages

75 3196 175 3258 huius
198 3197 332 3259 oratoris
361 3197 506 3280 proprias
533 3215 617 3278 esse,
646 3200 771 3259 tantum
797 3195 901 3277 abest,
928 3200 966 3259 ut
988 3193 1253 3259 Westermaunus

76 3300 179 3364 verba
210 3301 266 3366 illa
296 3303 336 3366 ad
370 3304 589 3367 auctoritatem
616 3303 789 3367 testimonii
817 3301 1071 3385 impugnandam
1093 3305 1179 3367 recte
1202 3301 1256 3364 ad-

76 3407 231 3490 hibuerit,
254 3413 291 3472 ut
312 3411 353 3474 iis
375 3411 454 3490 ipsis
477 3409 609 3474 fortasse
632 3409 807 3473 testimonii
828 3407 908 3472 fides
931 3413 1097 3492 augeatur.

345 3589 393 3652 11.
439 3587 488 3652 De
511 3589 692 3652 testimonio
717 3608 745 3671 p.
772 3587 857 3651 1368
882 3587 900 3668 ἓ
926 3587 976 3652 71.

168 3727 367 3809 Νανσίφιλος
406 3727 612 3814 Κεφαλῆθεν,
649 3720 867 3811 Ἀριστόμαχος
898 3727 1095 3809 Κεφαλῆθεν
1139 3750 1258 3814 μαρτυ-

75 3838 186 3920 ροῦσιν
217 3829 362 3920 ἐγγυηταὶ
399 3839 547 3916 γενέσθαι
585 3829 771 3900 Ἐπαινέτου
811 3838 870 3898 τοῦ
906 3828 1056 3921 Ἀνδρίου,
1100 3829 1148 3899 ὅτ’
1195 3832 1257 3921 ἔφη

74 3946 241 4022 Στέφανος
263 3939 374 4021 μοιχὸν
397 3940 562 4028 εἰληφέναι
585 3935 772 4006 Ἐπαίνετον
789 3942 843 4004 καὶ
861 3937 976 4028 ἐπειδὴ
995 3937 1133 4028 ἐξῆλθεν
1151 3936 1257 4006 Ἐπαί-

168 4119 190 4188 1)
210 4117 263 4171 Cir.
283 4133 352 4186 quae
370 4118 424 4172 iam
448 4134 530 4188 supra
557 4135 592 4172 ex
614 4117 759 4172 Aeschinis
777 4118 934 4172 Timarchea
953 4119 968 4186 ξ
988 4123 1023 4173 45
1045 4117 1159 4188 protuli:
1189 4111 1256 4172 αὐτὸ

73 4206 128 4281 μὲν
147 4208 179 4278 pi
187 4228 203 4279 ρ
228 4203 347 4280 τοῦνομα
372 4211 420 4261 τοῦ
449 4209 530 4282 ἔργον
557 4205 571 4259 ὃ
597 4207 721 4282 ἔπραττε,
750 4204 819 4283 πρὸς
842 4211 938 4262 τοῦτον
966 4200 1017 4262 οἰκ
1044 4205 1175 4283 ἐγγράφω
1195 4199 1256 4262 edd
1305 4247 1306 4250 η

74 4295 142 4352 ἄλλο
158 4296 289 4370 ,γέγραφα
308 4288 394 4362 οὐδὲν,
416 4294 430 4350 ὃ
451 4293 596 4370 ἐπιζήμιόν
614 4296 689 4352 ἐστιν
708 4294 737 4352 ἐκ
751 4299 805 4350 τῶν
817 4294 911 4370 νόμων
931 4300 968 4372 τῷ
981 4290 1099 4370 ν’ἇληθῆ
1116 4287 1256 4374 μαρτυρή-

73 4406 165 4442 σοντι.
