3102 5000
763 309 960 372 ,3-

275 505 313 552 eo
336 492 487 570 tempora,
511 507 574 571 quo
598 505 697 572 penes
720 485 903 550 Nicaretam
925 488 1033 550 lenam
1056 490 1132 567 orat,
1156 504 1232 550 cum
1251 486 1361 550 multis
1384 505 1456 549 rem

273 593 435 676 habuisse,
458 599 565 658 tamen
588 613 652 657 non
675 613 793 678 parcus
816 613 885 658 esse
907 594 988 656 mihi
1009 594 1122 660 videor
1139 595 1198 658 toti
1216 594 1265 658 illi
1283 592 1455 658 intervallo

277 701 428 766 undecim
450 702 516 768 fere
539 721 641 764 annos
664 701 820 766 tribuens.

365 807 439 872 Mea
461 810 561 893 igitur
584 809 743 872 sententia
766 827 849 871 anno
873 808 1096 876 trecentesimo
1120 809 1313 891 octogesimo
1339 809 1455 890 quinto

163 939 165 944 ·
220 941 223 950 ⁴
274 915 341 980 fere
372 936 398 981 a.
429 915 500 978 Chr.
529 936 559 979 n.
610 913 821 978 Philostratus
852 913 970 996 Lysiae
1002 934 1040 978 ao
1071 910 1244 978 Metanirae
1276 914 1453 998 hospitium

276 1021 432 1106 praebuit.
480 1020 543 1096 Qui
565 1021 679 1102 Lysias
703 1022 781 1104 quin
805 1022 1000 1086 clarissimus
1022 1021 1077 1085 illo
1101 1027 1206 1084 orator
1228 1022 1283 1103 sit,
1312 1021 1456 1085 dubitari

275 1149 341 1209 non
365 1149 478 1213 posse,
510 1128 754 1192 Westermanno
788 1129 956 1207 assentior;
989 1133 1075 1192 recte
1107 1128 1207 1211 igitur
1237 1129 1265 1192 is
1297 1129 1334 1190 in
1365 1129 1456 1191 testi-

275 1237 382 1300 monio
401 1236 489 1300 filius
504 1234 635 1318 Cephali
653 1239 791 1298 vocatur.
826 1234 929 1310 Quem
948 1238 976 1298 si
990 1232 1091 1299 secuti
1105 1236 1296 1306 sententiam
1310 1235 1456 1306 maxime

278 1342 477 1427 probabilem
499 1341 618 1406 Blassii
626 1340 649 1425 1)
681 1347 777 1424 atque
801 1342 948 1406 aliorum·
961 1342 1128 1405 hominum
1153 1341 1320 1405 doctorum
1343 1359 1456 1404 recon-

275 1451 369 1513 tioris
393 1451 512 1531 aetatis,
537 1455 649 1514 natum
672 1468 740 1512 osso
764 1469 848 1513 anno
880 1449 947 1513 fere
977 1448 1292 1532 quadringentesimo
1318 1448 1455 1530 quadra-

276 1557 396 1640 gesimo
430 1576 456 1620 a.
486 1555 557 1622 Chr.
585 1577 617 1621 n.
651 1557 834 1637 statumen,
868 1557 1172 1639 quinquagesimum
1203 1555 1269 1618 scre
1303 1556 1456 1638 quintum

279 1683 402 1726 annum
424 1671 494 1726 tum
517 1665 619 1747 egisse
643 1657 819 1745 colligitnr;
843 1664 935 1726 etiam
954 1668 1031 1726 tuno
1050 1665 1119 1727 sine
1138 1663 1236 1726 dubio
1255 1666 1358 1726 mater
1376 1662 1456 1741 eiuS,

279 1788 361 1852 quae
384 1770 402 1851 ξ
427 1771 469 1832 22
494 1777 774 1851 commemoratur,
806 1771 841 1831 in
864 1771 948 1833 rivis
973 1789 1041 1833 osse
1064 1775 1213 1856 poterat.¹
1243 1767 1328 1844 Quot
1350 1787 1456 1832 annos

278 1895 315 1939 eo
346 1881 487 1960 tempore
519 1876 730 1940 Philostratus
764 1876 924 1957 habuerit,
957 1897 999 1940 ex
1031 1877 1171 1940 oratione
1204 1875 1355 1940 concludi
1388 1895 1455 1940 non

277 1989 393 2066 potest,
419 1982 475 2048 sed
493 1982 606 2047 Vatari
624 1984 824 2065 sententiam,
847 1982 1086 2063 Philostratum,
1105 2003 1179 2046 oum
1199 1985 1319 2045 amicus
1337 1980 1456 2062 Lysiae

278 2096 455 2172 vocaretur,
477 2093 546 2173 pari
570 2096 671 2154 aetate
693 2091 801 2171 fuisse,
824 2110 890 2153 non
912 2090 1021 2174 probo.
1059 2091 1161 2154 Immo
1186 2099 1222 2153 ut
1245 2096 1327 2152 natu
1349 2091 1455 2152 mino-

277 2216 346 2260 rem
370 2216 443 2260 eum
466 2197 564 2262 fuisse
587 2198 768 2279 credamus,
794 2215 830 2261 eo
855 2197 1059 2280 adducimur,
1084 2198 1170 2280 qnod
1195 2197 1354 2276 andimus,
1378 2215 1455 2258 eum

278 2308 348 2367 tum
366 2303 518 2368 caelibem
535 2304 643 2386 fuisse,
661 2323 766 2387 neque
782 2304 959 2388 quidquam
976 2304 1100 2369 obstare
1116 2304 1261 2384 arbitror,
1281 2303 1455 2386 quominus

277 2429 355 2473 eum
377 2412 492 2493 viginti
516 2412 660 2493 quinque
682 2411 747 2474 fere
771 2431 873 2474 annos
896 2418 1008 2475 natum
1030 2411 1131 2475 fuisse
1155 2412 1359 2476 coniciamus
1394 2409 1455 2473 Ille

279 2519 347 2601 ipse
379 2519 491 2600 igitur,
524 2537 599 2581 oum
631 2519 849 2581 trierarchiam
880 2518 1074 2601 praestabat,
1106 2519 1274 2601 sexaginta
1307 2518 1452 2599 quinque

278 2644 379 2688 annos
412 2630 443 2688 ot
474 2629 564 2709 pater
600 2626 670 2688 eius
708 2624 841 2688 fortasse
872 2627 1047 2703 nonaginta
1088 2644 1189 2688 annos
1224 2623 1454 2705 compleverat;

279 2731 392 2796 titulus
416 2733 502 2794 enim
531 2731 587 2796 ille
617 2736 738 2815 spectat
769 2731 809 2794 ad
840 2733 981 2815 primum
1014 2751 1135 2796 annum
1164 2729 1355 2812 olympiadis
1380 2748 1455 2792 oen-

279 2840 408 2902 tesimae
431 2858 542 2903 nonae.
579 2836 653 2901 Non
676 2838 777 2920 igitur
799 2842 864 2900 tam
888 2858 944 2921 pro
965 2845 1050 2902 certo
1070 2858 1168 2920 quam
1187 2837 1456 2900 Westermannus

279 2945 348 3008 ruit
371 2945 595 3009 affirmandum
620 2949 680 3026 est,
704 2964 769 3008 non
792 2947 933 3028 potuisse
960 2945 1039 3025 fieri,
1062 2945 1176 3014 utillo
1200 2941 1341 3027 tempore
1365 2948 1458 3027 pater

281 3051 464 3115 Philostrati
487 3058 676 3137 superasset.

370 3159 609 3242 Argumentum
619 3160 794 3224 testimonii
803 3159 1008 3242 inspicientes
1018 3158 1246 3222 Philostratum
1261 3177 1358 3221 unam
1377 3176 1456 3236 rem,

281 3286 378 3347 quam
401 3269 581 3331 testimonio
606 3268 675 3331 eius
699 3266 962 3330 confirmaturum
986 3285 1019 3328 se
1042 3283 1111 3329 esse
1130 3265 1225 3348 paulo
1250 3272 1323 3327 ante
1346 3263 1378 3347 (ξ
1398 3265 1454 3341 23)

279 3373 495 3455 Apollodorus
518 3375 713 3457 promiserat,
744 3393 808 3436 non
833 3375 942 3436 testari
965 3373 1158 3454 invenimus,
1191 3370 1262 3434 dico
1285 3370 1366 3433 illud
1397 3363 1455 3447 „ais

279 3474 469 3562 ἐμισθάρνει
490 3482 536 3563 τῷ
563 3479 745 3564 βουλομένῳ
770 3473 972 3542 ἀναλίοκειν.“
1015 3477 1118 3554 Quam
1151 3477 1190 3542 ob
1223 3496 1291 3540 rem
1313 3475 1456 3539 Wester-

279 3603 419 3650 mannus
451 3607 509 3650 suo
542 3589 612 3651 iure
636 3588 780 3651 dubitare
806 3586 867 3650 sibi
890 3586 1026 3665 videtur,
1050 3605 1129 3648 num
1152 3584 1371 3646 testimonium
1402 3601 1456 3665 ge-

277 3689 417 3758 nuinum
442 3695 491 3758 sit.
538 3693 601 3757 Sed
624 3694 705 3760 illud
727 3695 843 3777 ipsum,
867 3712 930 3775 quo
954 3694 1045 3756 nisus
1072 3693 1116 3754 ita
1138 3690 1273 3770 iudicat,
1307 3688 1394 3771 quod
1422 3691 1456 3752 in

281 3803 441 3885 prooemio
466 3801 743 3864 commentationis
771 3821 840 3884 pag.
865 3799 1035 3882 obponit:
1070 3796 1174 3879 „Was
1199 3796 1358 3879 hingcgen
1392 3796 1456 3860 den

282 3907 388 3971 Inhalt
410 3908 513 3972 dieser
536 3907 711 3990 Zeugnisse
734 3907 873 3989 anlangt,
891 3925 932 4000 so
955 3905 1126 3989 begniigen
1149 3903 1208 3965 wir
1230 3921 1292 3966 uns
1316 3902 1375 3964 mit
1399 3902 1458 3966 der

281 4014 512 4080 bescheidenen
535 4014 774 4098 Anfordernng‚
799 4013 871 4076 dass
896 4011 1038 4074 derselbe
1060 4013 1095 4073 in
1119 4010 1203 4074 allen
1221 4009 1360 4072 Stiichon
1385 4060 1392 4073 .
1417 4057 1424 4072 .
1450 4062 1456 4074 .

282 4121 354 4185 dem
377 4122 569 4204 entspreche,
593 4121 726 4185 wasder
742 4119 870 4184 Redner
889 4119 989 4182 damit
1007 4117 1164 4181 beweisen
1183 4116 1265 4178 will:
1285 4117 1369 4198 zeigt
1387 4116 1456 4178 sich

280 4265 493 4272 „m-—m

372 4351 392 4413 ¹)
412 4349 466 4404 on.
486 4349 609 4404 Attische
629 4350 833 4404 Beredsumkoit
852 4349 865 4400 Ι
885 4365 909 4416 p.
931 4352 990 4400 334.
1036 4325 1037 4328 ¹
