3102 5000
785 320 983 380 ..4-

379 493 503 580 Longe
521 499 630 562 autem
659 495 749 559 aliter
776 513 828 558 res
857 513 892 558 se
914 469 1010 558 habet
1032 495 1067 557 in
1090 495 1231 558 oratione
1253 496 1290 558 in
1313 493 1477 560 Neaeram

293 601 410 666 habita.
449 601 647 685 Subscriptio
671 603 770 684 docet,
796 602 971 703 orationem
993 601 1083 664 mille
1107 601 1358 684 quadringentos
1378 603 1477 686 quin-

292 710 447 792 quaginta
478 729 581 772 unum
613 705 870 796 (XHHHHtAtI)
911 707 1029 770 stichos
1065 707 1190 772 habere.
1250 707 1291 772 In
1332 708 1479 772 editione

291 815 513 879 Teubneriana
531 816 631 879 oratio
656 816 786 898 triginta
808 832 926 878 novem
948 813 1014 878 iere
1037 820 1173 899 occupat
1190 817 1323 899 paginas
1348 821 1379 879 et
1401 834 1478 879 ver-

291 941 348 986 sus
371 921 479 1004 habet,
506 923 533 986 si
561 927 644 986 recte
673 921 873 1005 computavi,
904 921 993 984 mille
1017 920 1173 986 ducentos
1195 923 1276 1005 fere,
1306 922 1476 985 literarum

290 1030 388 1113 paulo
411 1030 485 1113 plus
511 1029 746 1112 quinquaginta
767 1028 877 1093 millia.
924 1027 976 1090 Ex
998 1028 1048 1092 his
1071 1031 1099 1093 si
1128 1049 1300 1094 numerum
1323 1034 1476 1092 veterum

293 1136 468 1199 stichorum
488 1135 679 1218 colligimus,
699 1135 839 1199 eundem
857 1134 924 1198 fere
937 1153 1006 1198 esse
1022 1119 1213 1218 invenimus,
1233 1155 1328 1220 quem
1340 1135 1476 1219 praebet

286 1241 499 1325 -subsoripti03
525 1247 636 1306 contra
655 1244 683 1306 si
701 1243 863 1323 formulas
888 1241 1007 1325 quibus
1024 1262 1091 1307 non
1110 1263 1207 1327 parva
1225 1264 1297 1327 pars
1317 1244 1477 1306 orationis

292 1347 437 1429 efficitur,
461 1349 645 1426 omittimus
664 1367 818 1412 numerus
835 1349 930 1432 longe
948 1348 1053 1413 distat.
1090 1350 1162 1413 Hac
1179 1352 1279 1434 igitur
1297 1368 1331 1414 re
1349 1350 1475 1414 formu·
1531 1413 1532 1436 ,

289 1455 332 1518 lis
356 1456 492 1519 orationi
513 1457 548 1518 in
571 1455 725 1519 Neaeram
754 1456 882 1518 insertis
911 1457 976 1526 iam
999 1457 1144 1539 aprime
1167 1455 1248 1520 fides
1272 1456 1473 1521 conciliatur.
1531 1475 1532 1488 ¹

382 1561 493 1626 Graux
541 1562 805 1646 subscriptionem
860 1563 1095 1626 emendandam
1142 1582 1211 1626 esse
1252 1561 1369 1646 putans
1412 1583 1474 1646 pro

233 1751 236 1758 Ι
291 1657 523 1755 XHHHHt'A‘tl
535 1668 649 1733 'scribit
662 1659 834 1755 XHHJJtR
855 1669 911 1732 sed
922 1671 999 1751 quia
1010 1669 1100 1739 nulla
1110 1671 1172 1732 alia
1182 1689 1280 1733 causa
1289 1674 1474 1733 commotus

292 1793 362 1838 esse
379 1774 516 1856 videtur,
538 1775 602 1839 nisi
621 1794 666 1857 eo,
691 1775 777 1859 quod
795 1775 983 1839 oeteralitis
1001 1777 1264 1840 instrumentum
1283 1776 1339 1838 illo
1358 1777 1473 1839 arche-

293 1886 370 1965 typo
393 1901 460 1945 non
482 1881 627 1963 fuerunt,
659 1882 754 1946 talem
777 1883 987 1946 mutationem
1004 1901 1074 1946 non
1098 1882 1207 1966 probo·
1253 1882 1472 1966 Subscriptio-

291 1991 366 2051 nem
389 2007 496 2071 neque
519 1988 754 2052 emendandam
777 2008 882 2072 neque
904 1989 1134 2073 neglegendam
1158 2009 1227 2053 esse
1245 1994 1331 2053 reete
1350 2008 1471 2073 cogno-

290 2096 337 2158 vit
356 2094 511 2159 Christius
519 2095 552 2179 ¹),
577 2095 683 2179 quiid
703 2096 832 2178 quidem
851 2097 931 2158 mihi
950 2115 1015 2159 non
1034 2097 1199 2179 persuasit,
1219 2095 1471 2178 subscriptiones

291 2201 357 2264 no'n
380 2200 421 2264 ad
440 2199 679 2284 Callimachum,
703 2203 760 2266 sed
778 2202 818 2265 ad
836 2203 982 2266 Atticum
1007 2202 1168 2285 quendam
1188 2221 1257 2268 esse
1275 2201 1470 2267 referendas.

291 2307 329 2371 Id
353 2309 438 2371 enim
461 2310 677 2392 potissimum,
709 2314 747 2372 ut
773 2309 837 2372 alia
866 2311 1023 2390 omittam,
1055 2310 1125 2372 eius
1153 2309 1331 2372 sententiae
1355 2308 1471 2390 obstat,

291 2413 379 2496 quod
411 2414 521 2478 eadem
557 2415 775 2498 longitudine,
815 2436 878 2499 qua
910 2416 1002 2478 stiohi
1032 2417 1254 2479 Demosthenis
1288 2417 1471 2479 orationum

294 2526 377 2603 sunt,
396 2523 491 2585 etiam
510 2522 627 2585 stichos
645 2523 876 2605 permultorum
896 2523 1032 2586 ahorum
1051 2524 1241 2607 scriptorum
1256 2523 1471 2612 esse-scimus.

382 2626 484 2691 Multa
507 2634 616 2691 autem
639 2629 701 2691 alia
729 2631 763 2692 in
791 2632 861 2694 eius
890 2629 1157 2692 commentatione
1185 2630 1325 2692 maxime
1352 2628 1471 2712 proba-

187 2759 190 2769 Χ
291 2732 369 2797 bilia
388 2739 477 2812 sunt;
496 2735 542 2797 ita
559 2735 640 2798 mihi
660 2727 788 2819 quoque
806 2736 978 2799 verisimile
1000 2735 1132 2816 videtur,
1151 2739 1318 2817 propterea
1339 2736 1375 2798 in
1394 2754 1471 2799 eum

240 2874 243 2880 ν
292 2841 447 2922 codicem,
480 2840 520 2903 ad
545 2860 640 2924 quem
665 2841 914 2926 subscriptiones
937 2844 1111 2925 pertinent,
1140 2841 1291 2904 formulas
1316 2843 1472 2906 orationis

290 2949 326 3010 in
339 2947 496 3011 Neaeram
512 2952 654 3030 receptas
672 2967 749 3030 esse,
770 2949 856 3031 quod
876 2968 913 3013 ea
931 2949 1039 3011 locum
1057 2947 1185 3012 tenebat
1203 2949 1287 3011 inter
1306 2949 1469 3013 orationes

290 3053 444 3137 publicas.
484 3052 601 3116 Contra
625 3056 806 3118 orationum
828 3057 863 3117 in
887 3054 1106 3136 Macartatum,
1131 3054 1337 3138 Stephanum,
1359 3053 1469 3119 Lacri-

290 3166 360 3223 tum
383 3159 455 3224 sub.
472 3159 570 3223 finem
594 3161 743 3224 editionis
766 3163 941 3245 positarum
964 3161 1132 3243 formulas,
1162 3181 1297 3244 quarum
1329 3164 1469 3225 auctori-

291 3271 389 3330 tatem
422 3267 497 3330 satis
530 3267 748 3331 confirmatam
782 3287 851 3331 esse
879 3273 971 3351 puto,
1009 3271 1037 3332 is
1077 3270 1133 3351 qui
1171 3268 1258 3330 illam
1292 3268 1469 3333 editionem

290 3373 426 3456 pararit,
451 3375 571 3455 omisit,
594 3376 780 3457 praesertim
804 3394 878 3438 cum
902 3393 957 3438 eae
980 3394 1042 3437 non
1063 3376 1166 3458 magis
1187 3395 1283 3456 quam
1307 3378 1470 3440 orationes

290 3479 378 3562 ipsae
400 3479 577 3563 legentium
601 3483 723 3545 animos
746 3487 856 3544 tenere
878 3480 1071 3546 viderentur.
1109 3480 1181 3545 Hae
1197 3482 1295 3564 igitur
1310 3481 1469 3546 formulae

291 3603 333 3648 ex
356 3585 418 3649 alio
443 3588 613 3671 archetypo
637 3589 677 3652 ad
700 3607 759 3652 nos
782 3594 1012 3671 pervenerunt,
1043 3589 1078 3651 in
1107 3608 1170 3671 quo
1201 3589 1295 3652 etiam
1322 3589 1388 3652 litis
1416 3591 1467 3652 in·

291 3677 470 3756 strumenta
501 3696 537 3757 in
568 3694 723 3759 Neaeram
757 3695 906 3757 orationis
938 3693 1037 3757 tuisse
1065 3700 1152 3776 puto.
1203 3693 1295 3775 Nam,
1318 3694 1351 3756 id
1380 3695 1469 3777 quod

289 3816 361 3860 meo
389 3798 510 3863 iudicio
533 3803 667 3865 maximi
695 3801 845 3885 ponderis
868 3806 929 3882 est,
956 3801 1055 3864 huius
1079 3803 1229 3864 orationis
1251 3801 1409 3865 formulae
1431 3803 1468 3864 in

292 3903 456 3987 omnibUS,
485 3927 566 3990 quos
588 3907 758 3990 habemuS,
792 3907 956 3971 codicibus
984 3913 1125 3986 exstant3
1159 3913 1335 3971 ceterarum
1359 3916 1468 3971 autem

291 4011 470 4075 orationum
501 4012 657 4078 formulae
688 4015 769 4078 aliae
799 4015 835 4077 in
867 4014 937 4077 aliis
965 4019 997 4077 et
1025 4032 1133 4077 omnes
1163 4014 1289 4078 duabus
1313 4016 1467 4099 exceptis,

293 4218 505 4227 —--—-—.-...

363 4345 384 4416 ¹)
401 4347 506 4402 Ibidem
524 4364 583 4418 pag.
605 4353 664 4417 195,
684 4352 733 4402 201
755 4364 813 4417 sqq.
