3102 5000
764 330 964 391 ...6-

268 499 511 590 ι,,άνθράπους,’
536 501 591 578 οὓς
624 498 694 569 οὐδ’
727 498 810 586 ὑμᾶς
846 497 1009 590 ἀγνοήσειν
1037 501 1158 584 οἴομαι,
1190 499 1247 568 ε’ὀιν
1277 499 1463 590 ιῖκοάαρτειι

279 618 417 698 apparet

368 721 447 784 Tum
472 722 552 806 (pag.
583 721 660 804 118)
687 719 954 784 Westermannus
987 737 1028 782 ex
1055 716 1282 783 Demosthenis
1314 720 1464 783 oratione
1536 747 1537 758 ν

282 829 437 892 adversus
461 827 617 891 Boeotum
640 827 657 891 I
679 847 708 911 p.
734 827 797 902 997
823 827 841 907 ξ
866 827 885 890 9
917 825 995 889 haec
1018 825 1151 909 profert:
1182 824 1247 888 Kal
1262 826 1317 894 ,τίς
1339 819 1460 909 ἤκουσε

279 926 469 1020 uniuersi}
496 929 578 996 κατὰ
611 939 708 1008 ποῖον
738 927 838 1012 νόμον
864 925 1184 1016 προςπαραγράφοιτ’
1217 923 1257 994 ἂν
1287 933 1384 994 τοῦτο
1416 927 1461 994 τὸ

279 1035 502 1125 παράγραμμα
526 1035 545 1124 ἢ
570 1035 647 1103 άλλο
669 1063 702 1103 τι
724 1035 810 1126 πλὴν
833 1031 850 1100 t
875 1035 984 1124 πατὴρ
1002 1039 1055 1101 καὶ
1074 1029 1091 1099 ὃ
1112 1038 1218 1122 δῆμος,
1249 1037 1335 1102 undo
1360 1059 1462 1122 appa·

278 1168 350 1214 rore
372 1152 473 1232 putat,
496 1148 623 1211 nullum
647 1147 736 1210 aliud
760 1166 879 1211 nomon
902 1146 966 1210 nisi
984 1147 1083 1229 patris
1103 1164 1139 1209 ao
1163 1145 1248 1209 demi
1265 1145 1462 1209 nominibus

241 1269 245 1277 ·
278 1257 410 1350 testium
440 1245 536 1339 atque
559 1258 751 1335 ceterorum,
784 1255 839 1337 qui
869 1253 904 1315 in
941 1253 1121 1316 testimonio
1153 1257 1459 1329 commemorantur,
1536 1293 1537 1328 p

279 1361 354 1426 addi
378 1361 526 1445 potuisse,
572 1362 617 1424 At
648 1365 753 1424 orator
780 1359 826 1423 ibi
853 1359 986 1423 minime
1016 1359 1054 1422 de
1081 1359 1270 1422 testimoniis
1292 1359 1459 1443 loquitur;
1536 1365 1537 1436 ξ

278 1468 334 1533 sed
356 1468 391 1532 id
408 1472 534 1532 tantum
559 1467 645 1549 dicit,
674 1469 770 1548 cives,
794 1469 822 1530 si
843 1465 974 1552 publice
996 1485 1116 1529 munus
1140 1465 1270 1550 aliquod
1292 1471 1460 1550 praestare
1536 1475 1537 1496 ³

277 1575 451 1640 iubeantur
473 1574 525 1636 vel
539 1575 581 1636 'in
603 1574 763 1636 iudicium
786 1577 953 1654 vocentur,
977 1573 1072 1656 pleno
1095 1574 1225 1636 nomine
1249 1573 1460 1656 appellandos

278 1701 348 1747 esse
380 1701 486 1765 neque
517 1683 615 1744 licere
649 1699 702 1743 eos
735 1679 995 1763 cognominibus,
1028 1699 1110 1762 quae
1142 1681 1178 1742 in
1210 1679 1361 1742 familiari
1391 1700 1458 1744 usu

278 1792 350 1872 sint,
373 1787 561 1872 significare.

368 1894 461 1971 Quod
489 1894 576 1958 addit
607 1892 871 1957 Westermannus
899 1895 964 1979 (cir.
994 1895 1089 1959 etiam
1119 1913 1190 1976 pag.
1217 1893 1302 1977 117),
1330 1898 1461 1977 praeter

277 2009 374 2068 testes
393 2004 619 2086 ipsosoeteros
640 2019 778 2084 quoque,
803 2020 940 2084 quorum
959 2004 991 2064 in
1012 2001 1193 2065 testimonio
1212 2002 1334 2063 mentio
1353 1999 1458 2082 fieret,

277 2110 372 2194 pleno
401 2110 531 2171 nomine
566 2107 726 2171 vocandos
762 2107 874 2189 fuisse,
904 2127 971 2171 non
1001 2108 1106 2172 solum
1140 2107 1229 2170 nullo
1257 2111 1459 2189 argumento

281 2215 488 2296 confirmavit,
513 2215 569 2278 sed
593 2215 688 2278 etiam
711 2215 742 2277 in
767 2215 824 2278 illa
847 2214 991 2298 formula,
1016 2234 1112 2298 quam
1136 2214 1260 2277 otveri
1279 2214 1457 2276 testimonii

280 2323 467 2406 exemplum
500 2320 656 2402 laudavit,
689 2321 828 2404 simplex
862 2342 979 2386 nomen
1008 2329 1039 2386 et
1067 2321 1228 2384 Aristonis
1259 2325 1290 2383 et
1313 2319 1461 2383 Cononis

196 2434 197 2438 ’
281 2449 351 2494 osse
373 2429 523 2513 neglexit.

368 2535 407 2598 Id
435 2540 542 2598 autem
568 2537 619 2596 vir
647 2534 758 2598 doctus
787 2554 857 2619 pag·
882 2537 924 2598 64
952 2535 1127 2598 rectissime
1157 2535 1343 2617 exposuisse
1374 2535 1458 2598 mihi

279 2643 416 2726 ridetur,
435 2642 626 2725 plerumque
644 2643 826 2705 testimonia
845 2663 863 2705 a
881 2643 1074 2726 logographo
1092 2643 1162 2725 ipso
1182 2659 1252 2704 esso
1267 2635 1458 2724 conscripta.

280 2748 374 2825 Quod
395 2754 504 2812 autem
527 2749 563 2810 in
586 2748 778 2812 testimoniis
802 2750 939 2812 orationi
965 2750 999 2811 in
1022 2747 1177 2813 Neaeram
1200 2748 1330 2810 insertis
1353 2747 1460 2810 multa

280 2859 385 2920 inesse
418 2860 540 2937 censet,
572 2874 654 2939 quae
682 2854 815 2918 fortasse
844 2876 862 2918 a
891 2855 1026 2918 testibus
1049 2855 1218 2919 ineruditis
1242 2853 1294 2916 vel
1317 2853 1460 2934 falsari0,

282 2983 349 3026 non
372 2983 391 3026 a
413 2961 608 3046 logographo
632 2961 728 3026 scribi
751 2963 922 3045 potuerint,
945 2981 1009 3025 non
1032 2962 1148 3045 prob03
1173 2981 1248 3024 nam
1266 2980 1333 3024 non
1351 2958 1458 3023 solum

280 3071 357 3135 haec
387 3071 487 3133 oratio
522 3071 593 3153 ipsa
624 3069 782 3152 permulta
816 3070 1028 3152 vituperanda
1054 3068 1162 3150 habet,
1192 3068 1248 3132 sed
1281 3069 1392 3147 etiam,
1420 3073 1459 3129 ut

279 3197 357 3240 mox
381 3177 671 3241 demonstraturum
694 3195 745 3239 me
769 3194 838 3239 esse
861 3195 962 3260 spere,
987 3175 1099 3239 eadem
1117 3175 1203 3252 vitia,
1228 3173 1346 3256 quibus
1369 3175 1460 3237 testi-

279 3285 462 3347 moniorum
485 3283 623 3347 elocutio
641 3281 773 3364 laborat,
796 3284 831 3345 in
854 3283 910 3346 illa
933 3283 1120 3365 reperimus,
1144 3289 1175 3346 et
1197 3287 1284 3345 tanta
1307 3285 1355 3344 est
1372 3281 1462 3343 inter

281 3392 415 3454 oratoris
438 3408 541 3474 genus
566 3388 694 3452 dicendi
718 3409 755 3452 ac
783 3391 1040 3454 testimoniorum
1069 3408 1248 3453 sermonem
1272 3387 1460 3468 similitudo,

281 3502 320 3560 ut
338 3498 480 3560 maxime
501 3496 652 3560 credibile
670 3495 825 3579 videatur,
845 3498 1019 3560 orationem
1039 3515 1075 3559 ac
1094 3496 1275 3559 testimonia
1294 3494 1459 3558 abeodem

281 3623 350 3668 esse
370 3606 495 3688 scripta.

574 3785 600 3844 1.
624 3781 673 3846 De
696 3783 878 3846 testimonio
902 3802 931 3865 p.
958 3785 1042 3847 1352
1069 3783 1087 3863 ἓ
1112 3784 1163 3845 23.

374 3917 587 4007 Φιλόστρατος
605 3927 774 3987 Διονυσίου
792 3923 989 4010 Κολωνῆθεν
1006 3930 1165 4007 μαρτυρεῖ
1181 3920 1297 3984 εἰδέναι
1315 3927 1462 4006 Νέαιραν

282 4035 461 4115 Νικαρέτης
483 4017 594 4110 οὖσαν,
619 4013 722 4114 ἧσπερ
744 4030 798 4093 καί
817 4025 1005 4114 Μετάνειρα
1030 4025 1161 4109 ἐγένετο,
1184 4027 1239 4090 καὶ
1260 4022 1460 4108 κατάγεσθαι

282 4131 364 4220 παρ’
383 4130 477 4222 αὐτῷ,
496 4130 551 4200 ὅτε
567 4134 611 4208 εἰς
628 4134 670 4201 τὰ
688 4131 846 4223 μυστήρια
866 4131 1073 4222 ἐπεδήμησαν
1091 4133 1126 4198 ἕν
1144 4137 1294 4220 Κορίνθῳ
1306 4132 1458 4198 οἰκοῦσαι·

282 4247 475 4329 καταστῆσαι
516 4242 550 4307 δὲ
587 4237 686 4316 αὐτὰς
721 4238 761 4314 ὡς
792 4236 891 4306 αὑτὸν
922 4248 1048 4308 Λυσίαν
1079 4239 1136 4306 τὸν
1165 4237 1330 4324 Κεφάλου,
1363 4241 1461 4323 φίλον

284 4347 361 4414 ὄντα
386 4348 490 4436 ἑαυτῷ
512 4351 565 4413 καὶ
589 4346 779 4435 ἐπιτήδειον.
