3102 5000
737 292 954 352 „13-

255 468 344 545 σανα,
379 466 463 549 quod
503 469 610 529 autem
643 467 728 530 inter
759 485 793 530 se
824 468 1042 550 paciscuntur,
1081 472 1118 532 ut
1157 468 1287 532 alternis
1320 468 1440 532 diebus

253 572 408 636 Neaeram
425 555 542 636 'seeum
566 572 727 655 haberent,
751 575 821 636 sine
844 573 942 637 dubio
965 578 1030 637 tarn
1054 573 1112 637 din
1134 579 1260 638 tantum
1282 575 1357 639 fieri
1379 595 1441 659 po-

253 685 347 761 terat,
376 699 472 763 quam
501 679 637 760 Neaera,
666 699 749 762 quae
775 679 876 744 libera
905 700 943 743 ao
966 683 1016 744 sui
1045 682 1127 745 iuris
1159 685 1226 744 erat
1254 680 1321 766 (cfr.
1348 685 1367 762 ξ
1391 685 1438 746 46

252 782 310 870 τὴν
332 784 392 866 μὲν
421 781 596 870 ἄνθρωπον
619 782 795 869 ἐλευθέραν
818 777 901 850 εἶναι
923 787 976 849 καὶ
1000 779 1100 872 αὐτὴν
1123 780 1220 872 αὑτῆς
1242 790 1376 870 κυρίαν),
1401 789 1438 851 id

253 911 318 956 non
342 898 510 957 recusaret.
556 893 671 975 Neque
693 892 792 956 verba
814 893 871 957 illa
895 896 913 973 ξ
937 895 980 957 46
1011 889 1126 956 ἐὰνδὲ
1152 895 1206 956 καὶ
1230 890 1332 966 ἄλλως
1363 917 1437 966 πως

254 993 407 1084 ἀλλήλους
425 1002 578 1078 πείθωσι,
601 1001 704 1062 ταῦτα
727 994 819 1082 κύρια
844 990 925 1062 εἶναι
951 1004 982 1063 et
1005 1017 1087 1082 quae
1113 1001 1148 1062 in
1172 1003 1320 1083 pactione
1342 1003 1438 1066 inve-

252 1107 402 1169 niuntur:
437 1099 477 1168 ἂυ
498 1101 552 1190 μή
573 1129 604 1168 τι
628 1102 704 1168 ἄλλο
728 1099 820 1168 αὖιυὶ
849 1100 957 1178 αὖιυῑς
980 1101 1214 1191 συγχωρήσωσιν
1235 1109 1434 1192 negligenda

253 1217 342 1295 sunt,
370 1232 412 1276 ex
445 1213 561 1295 quibus
590 1218 733 1296 apparet,
756 1213 908 1278 diaetetae
940 1214 1079 1277 suasisse
1110 1218 1237 1277 tantum
1270 1213 1435 1298 Stephano

254 1341 290 1384 ao
313 1319 502 1403 Phrynioni‚
524 1325 561 1383 ut
583 1321 628 1382 ita
649 1338 717 1382 rem
738 1321 949 1384 instituerent

343 1425 418 1490 Sive
449 1428 549 1510 igitur
572 1420 741 1504 διαλλαγαῖς
765 1447 784 1490 a
806 1427 951 1490 diaetetis
974 1428 1232 1491 reconciliatione
1255 1426 1339 1490 faeta
1364 1429 1433 1491 sive

253 1537 287 1597 in
311 1536 448 1598 anaorisi
472 1532 510 1596 ab
535 1537 659 1596 oratore
683 1535 877 1616 conscriptas
901 1552 970 1596 esse
992 1534 1189 1617 iudicamus,
1210 1535 1266 1596 illa
1288 1530 1348 1619 τήν
1371 1534 1433 1614 μὲν
1545 1609 1546 1614 ¹

252 1637 429 1723 ἄνθρωπον
451 1636 626 1723 ἐλευθέραν
649 1629 732 1701 εἶναι
754 1640 807 1702 καὶ
835 1632 937 1725 αὐτὴν
959 1633 1057 1725 αὖιής
1079 1643 1197 1720 κυρίαν,
1223 1633 1243 1701 ἃ
1263 1633 1292 1702 a
1294 1636 1433 1724 ἐξῆλθεν
1545 1635 1546 1660 ¹

251 1745 366 1827 ἔχουσα
384 1753 509 1826 Νέαιρα
526 1743 618 1829 παρὰ
636 1748 817 1828 Φρυνίωνος
840 1795 847 1809 .
868 1797 874 1811 .
894 1799 901 1813 ,
921 1796 927 1810 .
948 1739 1127 1809 ἀποδοῦναι
1144 1749 1302 1830 Φρυνίωνι
1319 1742 1430 1820 πάντα

251 1858 286 1918 in
309 1857 349 1920 iis
372 1875 437 1919 non
467 1854 676 1918 desideranda
699 1857 791 1931 sunt3
824 1857 909 1916 certe
937 1855 1023 1917 enim
1054 1857 1158 1916 orator
1186 1854 1254 1936 ipse
1282 1872 1335 1917 eas
1364 1873 1431 1917 non

251 1963 342 2026 aliter
373 1963 552 2046 composuit
584 1966 679 2042 atque
712 1959 791 2022 tales
826 1959 982 2022 formulae
1015 1959 1162 2042 componi
1190 1958 1342 2023 solebant.
1391 1960 1431 2023 In

251 2070 433 2133 testimonio
458 2069 588 2151 quidem
611 2067 666 2129 illa
689 2065 828 2130 seribere
850 2070 985 2148 poterat3
1016 2071 1048 2129 at
1070 2083 1135 2129 non
1161 2070 1236 2148 erat,
1261 2085 1361 2149 quare
1384 2067 1430 2131 ita

253 2177 385 2255 faeeret;
415 2193 522 2256 neque
550 2175 635 2236 enim
659 2193 701 2236 ex
724 2173 764 2236 iis
789 2173 964 2254 quidquam
998 2177 1108 2236 eontra
1129 2171 1287 2236 Neaeram
1321 2171 1431 2256 oolligi

251 2286 383 2365 poterat,
403 2301 474 2346 oum
494 2282 632 2343 multum
651 2281 827 2361 interesset,
845 2283 882 2342 ut
899 2279 1024 2343 iudices
1043 2279 1199 2358 audirent,
1220 2299 1318 2362 quam
1341 2281 1432 2362 turpi
1546 2263 1547 2302 ³

250 2387 344 2451 modo
366 2387 492 2451 Neaera
515 2407 629 2470 eorpus
653 2386 855 2470 vulgarisset.
1353 2382 1355 2386 ’

337 2494 517 2558 Veniamus
533 2494 572 2557 ad
584 2495 728 2574 alterum,
744 2493 829 2575 quod
841 2491 1107 2557 Westermannus
1117 2495 1291 2576 vituperat:
1312 2492 1431 2576 „Hutte

250 2603 318 2666 sioh
342 2621 439 2666 unser
461 2601 636 2678 Verfasser,
659 2601 777 2683 inquit,
800 2603 908 2682 strong
932 2619 973 2663 an
996 2599 1083 2663 diese
1106 2599 1218 2663 Worte
1241 2602 1272 2679 (ἓ
1296 2598 1353 2683 46)
1377 2619 1432 2684 ge-

250 2709 367 2790 halten,
391 2728 426 2772 so
450 2709 562 2772 wiirde
584 2709 652 2771 ihm
671 2707 753 2770 auoh
772 2705 863 2768 nieht
886 2705 939 2769 die
952 2706 1144 2770 Aibernheit
1163 2705 1328 2770 entfahren
1350 2708 1430 2788 sein,

249 2816 301 2879 die
324 2817 359 2878 in
383 2815 455 2878 dem
477 2811 535 2884 τὰς
557 2811 625 2884 ἴσας
648 2805 767 2898 ἡμέρας
791 2814 850 2874 τοῦ
868 2805 966 2896 μηνός
984 2813 1075 2896 liegt:
1101 2812 1152 2876 die
1171 2813 1279 2877 vollen
1298 2812 1428 2876 Monate

251 2943 292 2985 zu
316 2924 358 2986 30
381 2923 488 3006 Tagen
511 2921 796 3005 gestatteteneine
818 2919 941 3002 gleiohe
963 2919 1129 3003 Theilung,
1152 2920 1212 2983 wie
1236 2918 1313 2983 aber
1336 2919 1428 2983 sollte

250 3049 283 3092 es
306 3028 360 3092 bei
384 3028 446 3092 den
470 3029 587 3092 hohlen
611 3027 762 3090 Monaten
787 3025 937 3109 gehaiten
959 3026 1130 3088 werden?“

336 3134 412 3198 Iure
435 3136 495 3197 hoo
518 3135 569 3196 vir
592 3135 704 3197 doetus
727 3132 987 3216 vituperavisset,
1010 3133 1037 3195 si
1060 3133 1177 3215 pariter
1200 3137 1295 3214 atque
1319 3137 1426 3196 orator

248 3243 329 3318 §46
358 3241 434 3304 dioit
462 3239 637 3319 διαλλαγῶν
663 3241 803 3303 formula
833 3243 1040 3320 statueretur,
1071 3245 1108 3302 ut
1139 3237 1264 3303 Neaera
1296 3238 1424 3302 alternis

250 3347 363 3411 diebus
386 3340 520 3430 (ἡμέραν
548 3339 629 3428 παρ’
652 3339 786 3431 ἡμέραν)
810 3346 897 3430 apud
919 3344 1139 3426 Phrynionem
1167 3350 1198 3408 et
1227 3343 1424 3429 Stephanum

248 3459 339 3519 osset.
386 3453 436 3517 Ita
453 3455 538 3516 enim
553 3471 587 3515 re
601 3454 756 3534 instituta,
772 3454 800 3516 si
816 3453 934 3515 mensis
951 3471 1050 3516 cavus
1074 3457 1149 3534 erat,
1172 3471 1238 3515 non
1251 3457 1423 3535 utrumqne

248 3559 403 3623 Neaeram
422 3578 531 3643 parem
552 3559 676 3622 dierum
690 3578 861 3622 numerum
879 3558 965 3642 apud
983 3577 1017 3622 se
1035 3559 1151 3622 habere
1170 3559 1311 3642 potuisse
1329 3563 1421 3642 patet

249 3667 416 3750 idipsum
440 3672 548 3730 autem
571 3668 606 3729 in
628 3666 766 3729 formula
788 3685 855 3730 non
880 3665 1012 3744 (licitum
1038 3665 1094 3729 sed
1118 3670 1232 3746 orator,
1256 3683 1330 3728 oum
1354 3684 1422 3730 eam

247 3778 465 3856 componeret,
504 3775 607 3857 magis
638 3774 816 3856 generatim
848 3790 885 3835 ao
917 3773 1101 3836 summatim
1133 3771 1303 3854 expressit,
1323 3771 1423 3854 ¹quod

247 3880 402 3944 diaetetae
431 3879 632 3962 litigantibus
662 3885 837 3944 suaserant,
882 3878 990 3942 Verba
1021 3879 1108 3942 enim
1134 3877 1203 3941 illa:
1233 3873 1317 3940 κατὰ
1344 3873 1421 3941 τάδε

245 3979 416 4071 διήλλαξαν
432 3989 598 4069 Φρυνίωνα
616 3984 670 4048 καὶ
686 3989 858 4066 Στέφανον,
883 3987 1022 4070 χρῆσθαι
1046 3980 1196 4067 ἑκάτερον
1214 3987 1341 4068 Νεαίρᾳ
1365 3979 1421 4056 τὰς

246 4091 314 4163 ἴσως
346 4085 465 4176 ἡμέρας
496 4095 554 4154 τοῦ
580 4088 680 4176 μηνός
712 4092 745 4154 id
772 4096 897 4157 tanturn
928 4090 1125 4174 significant:
1158 4089 1206 4153 Ea
1233 4092 1420 4156 eondioione

245 4199 463 4264 reoonoiliatio
500 4199 583 4262 faeta
620 4203 680 4280 est,
719 4203 777 4285 ut,
798 4204 933 4281 uterque
974 4216 1074 4280 aeque
1110 4217 1261 4282 magnam
1297 4203 1420 4281 partem

246 4307 365 4370 mensis
395 4305 519 4370 Neaera
547 4310 700 4370 uteretur.
752 4306 895 4388 Apparet
926 4309 1046 4386 autern,
1076 4306 1172 4368 etiam
1201 4305 1272 4368 cavi
1299 4305 1419 4368 mensis
