3102 5000
756 295 986 357 ...16-

372 470 565 534 Testimonio
588 472 696 555 igitur,
720 472 760 536 de
784 491 847 555 quo
871 471 965 536 nobis
989 477 1038 536 est
1055 471 1292 556 disputandum,
1315 473 1470 554 Satyrus

284 577 424 659 Samias,
447 573 599 660 Diogiton
622 577 790 667 affirmant,
813 579 966 644 diaetetas
989 584 1112 644 creatos
1134 599 1169 644 se
1192 579 1411 660 Phrynionem
1434 587 1473 645 et

284 684 480 768 Stephanum
499 685 755 751 reconciliavisse
774 705 886 770 eaque,
906 704 989 769 quae
1009 683 1177 764 διαλλαγαί
1192 686 1267 750 iliae
1278 686 1318 750 ab
1329 687 1472 771 Apollo·

284 791 361 854 doro
384 792 499 864 allatae
528 794 740 874 continerent,
774 811 849 856 vera
879 811 957 858 esse.
1007 791 1097 856 Haec
1130 794 1199 856 sine
1233 793 1333 857 dubio
1363 800 1470 859 testes

282 899 345 982 ipsi
369 899 474 962 dicere
503 905 648 983 poterant
670 918 776 982 neque
798 918 928 963 necesse
946 905 1022 980 erat,
1046 893 1214 979 διαλλαγάς
1237 921 1256 963 a
1278 903 1469 966 testimonio

282 1006 430 1089 separari.
478 1004 562 1069 Cave
585 1012 692 1071 autem
716 1008 749 1069 in
776 1025 813 1069 ec
837 1006 991 1089 ciiendas,
1021 1007 1107 1090 quod
1136 1013 1167 1070 et
1194 1008 1349 1072 hocloco
1374 1011 1468 1073 etin

281 1113 472 1176 testimoniis
500 1113 540 1193 ἐξ
567 1115 606 1175 71
632 1115 756 1176 a0123
785 1133 854 1177 rem
881 1115 974 1178 aliter
1000 1116 1181 1178 institutam
1210 1133 1279 1178 esse
1301 1115 1467 1179 videmus.

283 1216 430 1282 Fortasse
458 1221 544 1282 enim
574 1227 681 1283 orator
710 1219 808 1284 rebus
836 1222 971 1284 narratis
999 1223 1154 1286 maiorem
1180 1220 1275 1284 fidem
1299 1221 1468 1285 iacturum

282 1344 316 1389 se
340 1344 409 1388 esse
431 1325 572 1408 putebat,
596 1327 623 1389 si
645 1326 800 1392 formulas
823 1329 910 1412 ipsas
933 1327 1067 1410 afferret,
1092 1348 1189 1411 quam
1214 1329 1242 1390 si
1266 1345 1349 1409 quae
1368 1329 1467 1392 iniis

284 1438 381 1514 erant,
404 1434 439 1496 in
463 1429 655 1497 testimoniis
677 1434 873 1498 inscriberet

369 1534 550 1618 Διαλλαγιίς
568 1545 676 1604 autem
694 1541 765 1604 ilias
779 1541 1044 1606 Westermannus
1061 1543 1158 1605 nimis
1173 1546 1286 1604 tenues
1302 1559 1339 1604 ac
1350 1559 1465 1604 rernm

280 1646 393 1730 inopes
416 1665 485 1710 esse
508 1647 678 1744 existimat

371 1752 465 1829 Quod
496 1754 636 1837 primum
669 1754 744 1818 dicit
775 1756 832 1819 illa
855 1756 873 1837 ξ
897 1758 957 1820 46ε
991 1751 1118 1838 γνω’μην
1151 1747 1377 1834 απεφνῗνανιο,
1408 1755 1463 1817 καὶ

281 1842 369 1923 οὗτοι
398 1855 564 1939 ἐνέμειναν
596 1854 692 1948 αὐτῇ,
725 1857 784 1948 νην
812 1862 873 1943 μὲν
903 1859 1079 1944 ἄνθρωπον
1101 1855 1279 1944 ἐλευθέραν
1301 1851 1387 1924 εἶναι
1408 1864 1464 1924 καὶ

282 1961 382 2032 acaia>
400 1960 498 2052 αὑτῆς
516 1970 635 2048 κυρίαν,
660 1962 680 2030 δι’
700 1961 730 2030 δ’
731 1964 869 2054 ἐξῆλθεν
887 1965 1002 2049 ἔχουσα
1021 1968 1147 2050 Νέαιρα
1166 1963 1257 2050 παρὰ
1278 1971 1463 2050 Φρυνίωνος

280 2075 372 2157 χωρὶς
395 2071 531 2155 ἱματίων
548 2074 602 2136 καὶ
620 2078 754 2157 χρυσίων
771 2075 825 2138 καὶ
843 2079 1062 2159 θεραπαινῶν,
1083 2067 1103 2136 ἃ
1123 2066 1206 2161 αὐτῇ
1228 2077 1268 2162 τῇ
1293 2067 1461 2160 ἀνθρώπῳ

281 2174 452 2266 ἠγοράσθη,
473 2173 652 2243 ἀποδοῦναι
671 2186 829 2264 Φρυνίωνι
848 2177 965 2246 πάντα.
985 2189 1124 2246 συνεῖναι
1142 2174 1172 2243 ‹i'
1180 2179 1318 2266 ἑκατέρην
1338 2173 1462 2266 ἡμέραν

174 2312 203 2351 3
280 2280 349 2370 πὰρ
373 2279 495 2372 ἡμέραν
522 2282 646 2351 ἐὰνδὲ
673 2290 727 2352 καὶ
762 2287 863 2360 ἄλλως
885 2311 955 2360 πως
987 2282 1142 2373 ἀλλήλους
1169 2289 1322 2368 πείθωσι,
1355 2291 1461 2352 vacca

279 2388 372 2477 κύρια
388 2385 478 2457 εἶναι.
497 2390 539 2457 τὰ
553 2387 583 2457 δ’
591 2389 759 2480 ἐπιτήδεια
777 2399 817 2484 τῇ
836 2389 1000 2480 ἀνθρώπῳ
1018 2390 1075 2457 τὸν
1094 2390 1207 2474 ἔχοντα
1227 2387 1278 2456 ἀεὶ
1296 2399 1461 2477 παρέχειν,

280 2501 333 2562 καὶ
361 2495 396 2562 έκ
418 2504 477 2564 τοῦ
499 2499 617 2564 λοιποῦ
639 2496 753 2584 χρόνον
782 2503 893 2583 φίλους
921 2493 1004 2565 εἶναι
1032 2495 1179 2586 ἀλληλοις
1202 2502 1256 2564 καὶ
1283 2497 1329 2582 μέ
1351 2519 1471 2587 μνησι-

279 2615 387 2670 κακεῖν
409 2607 535 2672 falsario
560 2609 636 2672 satis
659 2612 811 2674 materiae
829 2609 982 2693 praebere
1000 2610 1149 2694 potuisse,
1172 2610 1267 2693 plane
1286 2611 1444 2673 assentior
1451 2630 1459 2690 ;

194 2783 196 2790 ,
280 2715 337 2779 sed
355 2715 389 2777 id
406 2717 514 2798 ipsum
533 2717 602 2778 eius
626 2719 816 2780 sententiam
838 2717 1010 2781 formulam
1028 2717 1201 2800 genuinam
1221 2734 1290 2778 esse
1308 2718 1459 2799 negantis

254 2817 416 2885 minime.
445 2822 585 2885 adiuvat.
639 2821 799 2886 Faisarius
832 2825 931 2909 enim,
963 2829 1000 2888 ut
1027 2842 1099 2886 mea
1129 2823 1237 2906 opinio
1266 2827 1327 2903 est,
1360 2831 1460 2905 quam

279 2930 422 2992 maxime
444 2928 543 2991 verba
566 2930 698 2992 oratoris
721 2931 823 3013 ipsius
847 2936 975 2993 secutus
1006 2936 1088 2994 esset
1110 2948 1217 3012 neque
1246 2928 1340 2992 facile
1365 2929 1460 3012 quid-

281 3056 379 3119 quam
401 3055 443 3100 ex
466 3035 529 3098 iliis
553 3037 718 3098 omisisset.

369 3142 437 3224 Ego
462 3150 570 3205 autem
592 3143 700 3205 nescio
724 3162 765 3205 an
790 3162 835 3225 ea,
859 3161 942 3225 quae
965 3143 1108 3207 maxime
1130 3143 1397 3207 Westermannus
1420 3144 1456 3206 in

280 3249 461 3328 διαλλαγαῖς
485 3248 664 3312 desiderare
686 3248 827 3331 videtur,
860 3251 988 3313 omnino
1017 3251 1057 3314 iis
1081 3251 1156 3314 addi
1187 3270 1253 3314 non
1281 3251 1457 3333 patuerint,

259 3337 351 3422 ‘dico
374 3358 430 3420 illa
459 3351 518 3442 τὴν
550 3354 614 3435 μὲν,
633 3351 809 3437 ἄνθρωπον
827 3351 1003 3436 ἐλευθέραν
1036 3347 1118 3418 εἶναι
1145 3357 1199 3419 καὶ
1221 3349 1324 3443 αὐτὴν
1356 3349 1458 3443 αὐτῆς

281 3466 405 3545 κυρίαν,
448 3458 469 3524 ἃ
511 3455 540 3526 δ’
542 3459 680 3547 ἐξῆλθεν
712 3457 826 3540 ἔχουσα
859 3463 984 3546 Νέαιρα
1019 3462 1110 3548 παρὰ
1145 3468 1325 3548 Φρυνίωνος
1361 3453 1457 3546 χωρὶς

280 3568 416 3651 ἱματίων
451 3569 505 3631 καὶ
538 3572 673 3652 χρυσίων
704 3570 758 3631 καὶ
789 3571 1013 3652 θεραπαινῶν,
1057 3565 1078 3633 ἃ
1107 3564 1190 3659 αὐτῇ
1221 3573 1262 3657 τῇ
1290 3563 1456 3654 ἀνθρώπῳ

280 3670 456 3764 ἠγοράσθη,
487 3668 664 3739 ἀποδοῦναι
689 3679 846 3759 Φρυνίωνι
871 3671 989 3742 πάντα.
1040 3677 1123 3743 Nam
1146 3684 1276 3762 prepter
1306 3682 1457 3741 naturam

282 3787 489 3849 diaetetarum
521 3785 718 3867 privatorum
748 3789 779 3846 et
802 3803 921 3847 nomen
950 3785 1057 3868 ipsum
1084 3783 1261 3864 διαλλαγῶν
1282 3783 1458 3848 verisimile

281 3911 350 3956 esse
373 3890 609 3970 mihividetur,
633 3909 698 3970 eas,
727 3891 887 3973 siquidem
912 3891 1200 3972 conscriberentur,
1228 3893 1273 3954 ita
1296 3892 1458 3974 conserip-

281 4004 331 4062 tas
354 4018 439 4081 esse,
468 4005 505 4061 ut
532 4016 598 4060 non
621 3997 778 4061 iudicium
802 4000 1014 4080 continerent,
1039 3998 1126 4080 quod
1150 3998 1303 4062 diaetetae
1327 3997 1367 4062 de
1390 4003 1458 4062 teta

282 4124 380 4168 causa
407 4104 564 4185 fecerant,
597 4104 653 4167 sed
683 4105 888 4168 condiciones
918 4111 1042 4169 tantum
1067 4105 1232 4188 pactionis,
1264 4104 1383 4188 quibus
1408 4123 1458 4168 re·

282 4211 461 4275 conciliatio
486 4210 569 4274 facta
587 4218 669 4288 erat;
694 4211 770 4274 haec
790 4211 854 4274 duo
877 4209 962 4275 inter
984 4231 1017 4276 se
1037 4212 1163 4276 diversa
1182 4218 1213 4275 et
1231 4211 1459 4295 distinguenda

281 4336 350 4381 esse
372 4323 456 4400 pute.
505 4315 669 4382 Diaetetae
698 4319 767 4381 sine
798 4317 896 4381 dubio
918 4319 1058 4401 primurn
1083 4319 1293 4402 quaerebant,
1317 4318 1459 4402 quidde
