3102 5000
797 327 1027 388 „26-

322 521 412 572 νετος
442 495 533 585 παρὰ
563 494 731 582 Στεφάνου
770 499 825 563 καὶ
860 495 967 586 κύριος
998 493 1122 580 ἐγένετο
1155 495 1266 582 advoc,
1309 496 1489 589 γράψασθαι

323 601 447 693 γραφὴν
483 612 650 688 Σιέφαναν
682 603 766 690 πρὸς
804 605 879 680 τούς
919 611 1137 690 θεσμοθέτας,
1181 600 1231 672 ὅτι
1258 602 1361 672 αὐτὸν
1389 602 1490 681 ἀδίκως

322 704 416 797 εἶρξε,
440 714 494 776 καὶ
513 708 606 777 αὐτοὶ
634 714 821 777 διαλλακταὶ
852 710 1017 795 γενόμενοι
1040 709 1207 788 διαλλάξαι
1236 708 1425 779 Ἐπαίνετον
1444 718 1490 778 καὶ

321 824 495 902 Στέφανον.
519 817 577 892 τὰς
595 821 630 884 δὲ
653 817 823 901 διαλλαγὰς
846 812 929 884 εἶναι
953 815 990 892 ἃς
1007 826 1185 906 παρέχεται
1207 814 1452 905 Ἀπολλόδωρος.

816 1016 1007 1097 Λιαλλαγαί.

409 1169 481 1240 Ἐπὶ
496 1177 598 1248 ναῑςδε
612 1171 783 1253 διιῖλλαξαν
798 1181 963 1259 Στέφανον
980 1178 1033 1241 καί
1051 1172 1239 1242 Ἐπαίνετον
1253 1175 1284 1240 οἱ
1299 1177 1491 1256 διαλλακταὶ,

320 1287 383 1346 τῶν
411 1282 472 1363 μὲν
497 1288 710 1369 γεγενημένων
739 1285 816 1368 περὶ
840 1283 897 1348 τὸν
920 1281 1049 1367 εἱργμὸν
1079 1286 1242 1370 μηδεμίαν
1266 1287 1386 1365 μνείαν
1408 1281 1489 1364 ἔχειν,

319 1383 513 1454 Ἐπαίνετον
535 1389 569 1453 δὲ
593 1391 704 1454 δοῦναι
726 1391 827 1470 χιλίας
850 1388 992 1475 δραχμὰς
1021 1398 1127 1456 Φανοῖ
1149 1389 1194 1463 εἰς
1217 1388 1354 1476 ἔκδοσιν,
1384 1387 1489 1476 ἐπειδὴ

319 1501 467 1581 κέχρηται
480 1489 564 1585 αὐτῇ
586 1494 748 1568 πολλάκις.
780 1502 944 1578 Στέφανον
967 1498 1002 1560 δὲ
1020 1504 1175 1583 παρέχειν
1192 1495 1289 1563 Φανώ
1306 1493 1489 1584 Ἐπαινέτῳ,
1532 1485 1533 1488 “

320 1595 447 1666 ὁπόταν
470 1598 615 1692 ἐπιδημῇ
632 1605 684 1666 καὶ
708 1599 861 1689 βούληται
884 1612 1023 1667 συνεῖναι
1047 1599 1137 1694 αὐτῇ.

408 1710 624 1795 Apollodorus
657 1711 778 1774 iudices
809 1709 965 1779 Neaeram
994 1732 1061 1776 non
1093 1733 1162 1777 esse
1190 1715 1292 1776 civem
1326 1715 1423 1778 etiam
1452 1733 1487 1776 er

320 1815 472 1902 Stephani
500 1819 633 1881 avaritia
662 1822 692 1880 et
719 1819 874 1902 pravitate
909 1821 1100 1884 concludere
1131 1840 1225 1905 posse
1256 1821 1334 1884 dicit
1367 1821 1399 1904 (ἓ
1431 1821 1486 1897 64).
1533 1847 1534 1860 ¹

320 1923 500 2010 Stephanus
528 1927 613 1989 enim
646 1944 702 2008 per
733 1925 868 1988 insidias
898 1909 1098 2008 Epaenetum
1135 1927 1294 2010 quendam
1323 1927 1486 2009 Andrium,

320 2050 416 2115 quem
438 2033 627 2096 iamdudum
651 2035 822 2094 amatorem
845 2029 986 2095 Neaerae
1008 2033 1107 2096 fuisse
1136 2038 1167 2096 et
1191 2035 1379 2116 saepissime
1408 2033 1485 2096 illius

318 2138 450 2202 domum
478 2141 605 2203 venisse
638 2143 745 2201 orator
774 2142 893 2219 narrat,
924 2143 961 2202 ut
984 2139 1167 2202 adulterum
1191 2139 1278 2222 apud
1301 2139 1415 2203 Phano
1437 2140 1481 2202 de

323 2246 534 2329 prehenderat
562 2251 658 2329 atque
690 2251 756 2308 tam
785 2245 843 2308 diu
874 2249 1030 2327 tenuerat,
1054 2245 1156 2308 donec
1178 2246 1365 2328 perturbata
1388 2253 1484 2310 mente

319 2354 456 2435 pretium
479 2354 610 2436 triginta
632 2353 791 2414 minarum
815 2369 848 2415 se
872 2352 1054 2415 soluturum
1087 2351 1156 2415 esse
1178 2355 1386 2437 promitteret.
1430 2354 1483 2418 Ne-

319 2477 381 2542 que
404 2461 595 2542 promissum
617 2459 784 2541 praestitit,
808 2459 864 2522 sed
887 2460 993 2542 potius
1017 2458 1216 2542 Stephanum
1245 2459 1331 2542 apud
1353 2461 1483 2524 thesmo-

317 2566 419 2630 thetas
443 2568 613 2648 accusavit,
638 2564 723 2649 quod
746 2584 804 2648 per
821 2567 972 2628 iniuriam
992 2584 1025 2629 se
1044 2568 1205 2630 tenuisset.
1251 2565 1485 2650 Deprehensum

319 2691 353 2736 se
376 2692 444 2736 esse
472 2693 538 2736 non
569 2677 673 2756 negat,
696 2671 807 2735 Phano
838 2677 944 2735 autem
972 2693 1038 2736 non
1073 2671 1230 2756 Stephani,
1263 2675 1320 2736 sed
1351 2673 1486 2738 Neaerae

316 2779 416 2844 filiam
436 2799 505 2844 esse
523 2779 686 2842 contendit
707 2785 871 2863 totamque
890 2778 1042 2864 Stephani
1059 2781 1213 2842 familiam
1233 2785 1370 2863 quaestu
1393 2800 1486 2845 mere·
1535 2797 1536 2832 ι

317 2889 409 2950 tricio
433 2888 476 2949 ali
499 2904 596 2969 seque
618 2888 724 2970 ipsum
747 2887 885 2950 multum
907 2887 942 2948 in
966 2905 1035 2949 eam
1057 2887 1271 2969 impendisse·
1316 2886 1388 2962 Quo
1412 2889 1486 2950 facto

320 2991 499 3077 Stephanus
510 2994 639 3074 veritus,
655 3011 696 3057 ne
711 2994 863 3057 lenocinii
874 2995 1125 3074 convinceretur,
1140 2992 1342 3077 Epaenetum
1357 3014 1487 3057 commo-

319 3101 373 3181 rit,
397 3107 435 3162 ut
463 3099 553 3162 litem
585 3100 711 3164 tolleret
744 3105 775 3164 et
803 3120 932 3163 causam
960 3099 1045 3182 apud
1070 3099 1220 3164 diaetetas
1254 3102 1306 3183 agi
1325 3105 1486 3185 pateretur.

318 3207 414 3291 Apud
439 3225 519 3288 quos
544 3225 738 3288 quamquam
762 3205 941 3290 Stephanus
959 3205 1040 3267 nihil
1058 3225 1156 3288 grave
1175 3206 1343 3270 defendere
1362 3213 1486 3290 poterat

321 3319 428 3377 tamen
452 3312 569 3395 effecit,
596 3318 633 3375 ut
664 3313 848 3396 Epaonetus
876 3311 985 3375 Phano
1013 3312 1101 3374 mille
1135 3313 1300 3376 drachmas
1328 3333 1387 3398 pro
1422 3315 1488 3378 dote

319 3421 416 3485 daret.
783 3497 785 3501 ι

409 3525 534 3602 Quibus
567 3545 641 3589 cum
670 3525 767 3589 rebus
797 3528 915 3610 optime
938 3545 975 3588 ea
999 3527 1170 3589 convenire
1193 3529 1280 3609 puto,
1305 3545 1388 3609 quae
1407 3528 1488 3591 testi-

319 3635 464 3698 mouium
485 3638 515 3697 et
534 3631 710 3710 διαλλαγῶν
727 3633 864 3696 formula
883 3634 1056 3696 continent.
1093 3632 1123 3696 N
1125 3632 1303 3714 ausiphilus
1323 3638 1354 3696 et
1373 3636 1488 3697 Aristo-

320 3740 451 3804 machus
479 3745 574 3803 testes
605 3758 639 3802 se
671 3740 758 3823 ipsos
788 3760 845 3822 pro
875 3725 1036 3822 Epaeneto
1069 3738 1201 3822 praedes
1233 3739 1331 3802 fuisse
1365 3739 1488 3814 diount;

318 3867 376 3932 per
393 3848 545 3910 iniuriam
555 3844 753 3929 Epaenetum
773 3847 946 3910 coercitum
966 3867 1035 3911 esse
1050 3866 1092 3910 ex
1109 3847 1202 3909 initio
1222 3844 1400 3925 διαλλαγῶν
1419 3866 1488 3910 con-

320 3954 449 4018 cludere
458 3971 645 4036 possumus:
664 3955 727 4014 τῶν
737 3950 797 4031 μὲν
806 3952 1019 4036 γεγενημένων
1028 3952 1106 4034 περὶ
1124 3948 1180 4014 τὸν
1191 3947 1319 4034 εἱργμὸν
1331 3953 1489 4038 μηδεμίαν

319 4063 434 4140 μνείαν
457 4055 549 4138 ἔχειν.
600 4057 749 4142 Denique
778 4078 840 4142 quo
871 4059 934 4123 alio
964 4079 1000 4123 ac
1023 4059 1184 4142 Stephano
1212 4065 1339 4124 auctore
1364 4078 1487 4124 eausam

319 4169 360 4231 ad
392 4167 547 4232 diaetetas
583 4166 718 4229 delatam
758 4185 825 4228 esse
854 4171 1006 4248 putamus
1043 4167 1098 4230 illa
1128 4168 1270 4250 legentes
1302 4167 1489 4252 γράψασθαι

318 4268 442 4356 γραφὴν
459 4277 624 4352 Στέφανον
642 4268 724 4355 πρὸς
742 4267 817 4342 τοὺς
831 4273 1038 4351 θεσμοθέτας
1053 4324 1059 4336 .
1079 4325 1087 4339 .
1106 4325 1112 4337 .
1128 4273 1181 4334 καὶ
1198 4266 1290 4336 αὐτοὶ
1306 4271 1486 4336 διαλλακταί

318 4373 481 4459 γενόμενοι
504 4373 692 4453 oculatam?
