3102 5000
750 349 969 408 ..44-

360 523 414 605 lis,
439 543 520 607 quae
542 525 628 606 prior
651 543 724 607 pars
746 522 901 586 formulae
926 524 1068 586 eontinet
1100 515 1266 606 (ἁγιστεάω
1298 522 1352 584 καὶ
1382 519 1466 602 εἰμὶ

271 626 402 715 καθαρὰ
426 629 479 692 καὶ
504 624 580 709 opt
605 622 672 692 ἀπὸ
696 631 760 692 τῶν
778 625 882 690 ἀλλων
900 631 963 690 τῶν
986 621 1023 690 οὗ
1049 623 1297 712 καθαρευόντων
1315 629 1369 691 καὶ
1391 623 1466 691 ἀπ’

272 732 385 821 ἀνδρὸς
408 736 592 820 συνουσίας),
623 737 784 820 praeclare
808 735 1034 818 comprobatur
1055 735 1099 817 id,
1123 736 1209 818 quod
1233 742 1339 800 orator
1363 757 1464 800 eom-

271 845 404 929 probare
435 844 551 924 studet,
575 843 687 907 Rheno
710 831 844 909 munere
875 844 1004 926 reginae
1027 843 1195 925 indignam
1217 843 1324 908 fuisse.
1373 842 1464 906 Sine

272 951 370 1016 dubio
390 953 475 1015 enirn
494 951 551 1015 illa
569 951 704 1034 indigna
723 954 798 1028 erat,
824 969 906 1031 quae
925 955 991 1013 tam
1010 951 1105 1013 castis
1123 948 1305 1032 virginibus
1324 969 1461 1034 praees·

273 1065 323 1124 set
339 1077 458 1142 easque
481 1060 550 1141 ipsa
573 1059 644 1120 iure
668 1053 803 1118 iurando
827 1057 977 1138 adigeret.

562 1291 590 1350 2.
637 1286 685 1350 De
710 1287 834 1350 decreto
858 1308 886 1370 p.
914 1289 1007 1365 1380,
1032 1288 1051 1367 §
1077 1288 1148 1350 104.

357 1442 573 1533 Ἱπποκράτης
605 1439 679 1510 εἶπε
710 1447 894 1517 Πλαταιέας
927 1438 1008 1509 εἶναι
1035 1440 1219 1531 Ἀθηναίους
1252 1442 1320 1509 ἀπὸ
1356 1449 1458 1533 τῇςδε
1538 1423 1539 1476 3

270 1561 325 1642 τῆς
349 1549 476 1641 ἡμέρας,
501 1550 647 1633 ἐντίμους
670 1550 825 1635 καθάπερ
849 1551 879 1614 οἱ
903 1550 993 1616 ἀλλοι
1016 1547 1185 1638 Ἀθηναῖοι,
1213 1554 1268 1616 καὶ
1300 1563 1457 1634 μετεῖναι

271 1657 380 1733 αὐτοῖς
412 1645 519 1743 ὧνπερ
544 1655 720 1744 Ἀδηναίοις
750 1664 879 1738 μέτεστι
902 1654 1041 1740 πάντων,
1070 1661 1123 1723 καὶ
1152 1659 1246 1744 ἱερῶν
1268 1661 1322 1722 καὶ
1345 1655 1455 1738 ὁσίων,

272 1765 358 1855 πλὴν
377 1767 410 1832 εἴ
428 1791 475 1839 τις
497 1762 651 1852 ἱερωσύνη
674 1761 696 1852 ἢ
720 1762 834 1852 τελετή
856 1762 940 1829 ἐστιν
963 1762 998 1831 ἐκ
1020 1772 1134 1847 γένους,
1164 1767 1245 1851 μηδὲ
1267 1770 1332 1831 τῶν
1355 1763 1454 1830 ἐννέα

272 1873 440 1959 ἀρχόντων,
469 1883 535 1945 τοῖς
569 1868 647 1936 δ’ἐκ
670 1869 800 1939 τούτων,
823 1881 1015 1952 κατανεῖμαι
1039 1874 1073 1937 δὲ
1096 1872 1170 1945 τοδς
1192 1874 1380 1945 Πλαταιέας
1403 1873 1454 1945 εἰς

269 1979 343 2054 τοὺς
367 1977 485 2066 δήμους
514 1983 568 2043 καὶ
598 1977 655 2051 τὰς
686 1974 795 2060 φυλαῖς.
825 1976 960 2042 ἐπειδὰν
988 1979 1022 2042 δέ
1045 1983 1235 2065 νεμηθῶσιν,
1260 1976 1313 2066 ’μὴ
1333 1977 1453 2056 ἐξέσται

270 2086 319 2152 ἔτι
346 2083 500 2173 Ἀθηναίω
530 2088 644 2172 μηδενὶ
672 2070 834 2166 γίγνεσθαι
866 2087 1063 2167 Πλαταιέων,
1095 2085 1140 2172 μὴ
1169 2080 1331 2174 εἰρομένῳ
1355 2085 1453 2169 παρὰ

270 2198 329 2256 τοῦ
353 2191 454 2279 δήμου
478 2199 537 2257 τοῦ
560 2189 742 2278 Ἀθηναίων.
1428 2177 1432 2182 ’

362 2318 475 2382 Orator
507 2324 677 2404 postquam
713 2320 809 2402 longa
843 2320 1039 2402 digressione
1082 2321 1189 2382 omnia
1236 2320 1448 2396 enumeravit,

271 2424 391 2508 quibus
404 2424 610 2498 Plataeenses
630 2428 749 2488 amieos
759 2427 1006 2490 Atheniensium
1026 2447 1059 2490 se
1077 2427 1318 2510 praestitissent,
1339 2426 1448 2489 deere-

270 2537 340 2594 tum
361 2531 459 2611 affert,
486 2551 549 2614 quo
568 2533 617 2594 illi
636 2533 670 2593 in
690 2552 861 2596 numerum
881 2534 1002 2597 civium
1022 2535 1192 2596 atticorum
1210 2533 1329 2616 recepti
1348 2538 1445 2596 erant.

272 2636 365 2712 Quod
398 2657 434 2700 eo
462 2638 538 2701 facit
562 2639 705 2721 ooneili0,
731 2646 767 2702 ut
789 2641 911 2703 iudices
934 2641 1133 2723 intellegant,
1162 2658 1286 2724 semper
1308 2640 1344 2701 in
1369 2640 1443 2702 eivi-

272 2751 337 2808 tate
361 2744 552 2824 eonferenda
576 2765 735 2808 summam
759 2747 941 2810 cautionem
964 2746 1139 2810 adhibitam
1163 2766 1239 2810 esse.

360 2869 628 2946 Percensentibus
650 2871 742 2933 nobis
767 2870 938 2952 decretum,
969 2871 1055 2954 quod
1073 2871 1270 2955 paragrapho
1293 2873 1357 2936 104
1377 2891 1442 2934 ora-

271 2978 366 3040 tionis
396 2979 553 3040 insertum
576 2982 689 3059 exstat,
713 2979 815 3040 multa
838 2982 1020 3058 ooeurrunt,
1050 2991 1179 3061 propter
1202 2997 1284 3061 quae
1309 2979 1441 3062 singulis

272 3103 339 3146 non
364 3086 544 3156 aoeuratius
569 3085 761 3147 examinatis
784 3084 876 3148 facile
901 3084 1047 3148 dubitare
1070 3085 1181 3176 possis,
1205 3105 1284 3176 num
1307 3085 1440 3149 formula

274 3193 415 3273 genuina
454 3193 502 3254 sit.
562 3189 705 3252 Primum
739 3192 823 3254 enim
851 3193 1132 3274 praescriptiones,
1165 3211 1246 3274 quae
1279 3197 1439 3272 vocantur,

272 3316 381 3360 omnes
397 3304 527 3381 praeter
546 3315 663 3359 nomen
681 3299 759 3377 eius,
780 3299 834 3380 qui
854 3299 1050 3380 rogationem
1060 3299 1144 3380 tulit,
1169 3298 1292 3364 desunt.
1319 3297 1439 3362 Deinde

275 3404 339 3466 duo
362 3405 397 3464 in
422 3402 547 3468 deereto
572 3404 802 3488 desiderantur,
827 3424 908 3488 quae
933 3410 1038 3474 orator
1060 3406 1095 3468 in
1119 3424 1156 3468 eo
1179 3407 1285 3468 inesse
1305 3404 1388 3485 dicit,
1409 3409 1439 3466 et

273 3511 358 3573 illud
382 3511 400 3593 ᾗ
427 3512 489 3574 105
509 3510 563 3571 καὶ
582 3502 694 3593 ἠξίωσε
712 3507 786 3580 τοὺς
804 3510 988 3582 Πλαταιέας
1005 3506 1228 3593 λαμβάνοντας
1246 3507 1304 3572 τλν
1323 3505 1439 3591 δωρεὰν

272 3619 402 3698 πρῶτον
424 3616 484 3697 μὲν
508 3617 742 3702 δοκιμασθῆναι
765 3611 800 3678 έν
822 3620 867 3700 τῷ
890 3617 1077 3704 δικαστηρίῳ
1104 3611 1175 3680 κατ’
1186 3612 1284 3700 ἀνδρα
1303 3611 1437 3698 ἕκαστον,

273 3720 303 3784 εἰ
325 3717 391 3785 ἔστι
410 3717 594 3793 Πλαταιεδς
616 3723 670 3784 καὶ
695 3721 805 3786 αἰτῶν
824 3723 924 3806 φίλων
941 3727 1006 3786 τῶν
1023 3727 1079 3808 τῆς
1096 3719 1222 3794 πόλεως
1246 3730 1277 3787 et
1296 3743 1343 3804 ea,
1361 3741 1436 3808 quae

275 3836 468 3919 sequuntur
493 3825 608 3891 ἔπειτα
639 3828 713 3900 τοδς
744 3831 996 3909 δοκιμασθέντας
1033 3825 1254 3916 ἀναγραφῆναι
1286 3825 1321 3892 ἐν
1347 3825 1435 3916 στήλῃ

235 3997 238 4003 Α
271 3936 379 4023 λιδίνρ
403 3937 457 4018 καὶ
481 3939 591 4022 στῆσαι
615 3932 649 3998 ἐν
673 3930 847 4018 ἀκροπόλει
865 3917 956 4021 παρὰ
979 3939 1020 4024 τῇ
1043 3939 1119 4022 θεῷ.
1181 3938 1252 4002 Hoe
1281 3938 1349 4002 loeo
1375 3957 1434 4000 non

272 4044 405 4126 eogitari
437 4062 530 4127 posse
564 4043 602 4106 de
634 4044 768 4107 oratoris
799 4043 910 4108 fraude
939 4043 1106 4108 Sehaefero
1136 4045 1201 4130 (eir.
1231 4046 1300 4109 eius
1324 4047 1433 4123 annot.)

273 4151 368 4233 plane
392 4152 558 4215 assentior.
605 4150 708 4212 immo
723 4156 911 4234 utrumque,
935 4150 1022 4233 quod
1047 4155 1151 4214 orator
1168 4153 1340 4235 praecipue
1358 4171 1432 4214 oom-

271 4262 434 4339 memorat,
463 4259 499 4320 in
528 4258 637 4320 multis
666 4259 704 4320 de
733 4257 923 4322 eonferenda
956 4259 1084 4321 civitate
1116 4260 1218 4322 titulis
1250 4259 1430 4322 invenimus.

272 4361 394 4445 Confer,
424 4370 462 4430 ut
487 4384 591 4426 unum
622 4365 805 4447 exemplum
836 4383 962 4447 ponam,
993 4363 1025 4426 O.
1049 4364 1079 4428 J.
1104 4367 1144 4430 A.
1166 4364 1200 4428 Π
1224 4366 1298 4446 309,
1328 4385 1357 4426 v.
1379 4365 1428 4428 32:
