3102 5000
573 373 792 435 ...43-

92 548 194 632 quod¹
216 547 347 634 gravius
379 554 435 630 est,
464 549 537 612 euni
569 568 628 632 por
659 550 761 627 legem
790 548 943 612 adulteris
966 567 1057 612 soora
1079 546 1208 628 publiea
1229 565 1270 610 ne

97 661 241 740 spectare
266 656 394 739 quidem
418 656 538 737 lioeret,
561 656 617 718 illa
639 657 709 740 ipse
730 675 821 720 saera
842 647 969 737 fecerat,
993 672 1192 739 quaequam
1215 661 1271 716 ‘ans

90 765 185 844 tique
209 767 242 826 et
267 767 377 826 sanctu
399 767 514 844 essent,
538 764 642 844 orator
665 763 684 843 ξ
710 767 751 826 74
774 783 820 845 sq.
844 761 1003 825 disseruit.

184 867 389 952 Quamquam
418 871 519 952 igitur
542 871 612 932 sine
637 868 735 932 dubio
758 851 829 952 apte
858 868 913 932 lex
936 867 1031 932 illato
1054 872 1109 948 est,
1133 885 1200 930 non
1223 869 1270 929 vi·

92 975 163 1054 deo,
183 995 282 1058 quam
301 975 341 1038 ob
360 995 428 1039 rem
447 977 575 1052 rhetori,
595 976 635 1038 de
654 993 719 1058 quo
729 977 800 1038 Van
821 973 883 1038 den
900 973 945 1038 Es
964 974 1050 1054 dicit,
1073 973 1108 1036 in'
1130 971 1270 1037 mentem

95 1083 209 1146 venire
232 1084 396 1165 potuerit,
412 1088 449 1145 ut
467 1084 530 1166 illa,
555 1079 914 1166 quaeinperogrophis
935 1083 1061 1160 85,·86,
1086 1082 1127 1144 st
1151 1081 1271 1160 insunt,

95 1187 242 1272 fingeret.
288 1187 404 1271 Neque
428 1190 514 1252 enim
538 1191 648 1252 autin
672 1190 775 1272 priore
804 1190 955 1252 orationis
974 1194 1063 1272 parte
1087 1193 1143 1251 out
1165 1189 1201 1250 in
1222 1187 1272 1268 iis,

94 1315 177 1377 quae
212 1300 411 1377 sequuntur,
446 1295 622 1380 quidquam
654 1297 829 1379 reperitur,
867 1296 955 1377 quod
988 1296 1027 1358 ud
1058 1295 1141 1357 hano
1167 1293 1271 1377 legem

94 1407 231 1486 spectet,
1225 1404 1230 1413 ’

558 1651 700 1751 oopus
726 1589 823 1734 111(
887 1713 889 1722 2

492 1794 535 1860 no
569 1795 693 1861 ueteris
724 1793 883 1862 tornutio.

356 1958 381 2018 1.
427 1951 476 2017 ne
499 1939 569 2018 iure
592 1955 729 2020 iurando
745 1953 781 2038 p.
809 1957 892 2018 1371
921 1955 939 2036 s
965 1957 1015 2018 τε.

185 2071 347 2157 ιΑγιστευίυ
376 2077 429 2140 καὶ
460 2076 527 2158 εἰμὶ
557 2075 688 2162 καθαρὰ
717 2080 770 2142 καί
801 2073 877 2164 ἁγνὴ
902 2072 969 2142 ἀπὸ
998 2082 1062 2142 τῶν
1086 2073 1192 2140 ἄλλων
1211 2082 1275 2142 τῶν

97 2177 135 2246 οὐ
175 2179 423 2268 καθαρευόντων
452 2186 504 2249 καὶ
541 2178 606 2247 ἅττ’
636 2178 749 2268 ἀνδρὸς
779 2190 950 2274 συνουσίας,
982 2186 1039 2250 καὶ
1070 2181 1111 2246 τὰ
1143 2179 1274 2264 θεόγνια

98 2292 152 2353 καὶ
176 2288 218 2354 τὰ
238 2287 402 2373 ἰοβάκχεια
421 2295 543 2376 γεραρῶ
565 2288 762 2378 τρΐΔιυνιίσῳ
781 2288 864 2356 κατὰ
883 2287 924 2355 τὰ
943 2289 1066 2375 πάτρια
1085 2292 1138 2364 καὶ
1157 2287 1192 2354 ἐν
1208 2300 1276 2362 τοῖς

101 2391 280 2493 καθήκουσι
302 2395 431 2483 χρόνοις.
1006 2397 1008 2401 ’
1164 2469 1179 2486 ἲ,

187 2507 266 2569 iure
295 2507 428 2570 iurando
457 2507 517 2570 hoe
557 2507 751 2589 sacerdotes,
789 2527 871 2590 quae
898 2511 1031 2590 γεραραί
1071 2508 1274 2590 vocabantur,
1316 2572 1318 2578 ,

100 2613 290 2694 priusquam
329 2633 418 2677 sauro
457 2620 636 2698 tangerent,
677 2635 696 2677 a
722 2617 807 2698 regis
834 2635 937 2678 uxore
960 2614 1179 2698 adigebantur,
1225 2611 1274 2676 De

101 2709 140 2781 ¹eo
164 2718 319 2784 iudioium
352 2722 456 2786 facere
486 2715 710 2786 difficillimum
739 2726 795 2802 est,
825 2723 907 2804 oum,
939 2722 1026 2804 quod
1049 2723 1157 2802 seiam,
1184 2721 1274 2784 nullo

101 2826 165 2888 alio
188 2826 257 2890 looo
282 2829 351 2892 eius
374 2831 494 2893 mentio
517 2829 580 2892 fiat.
626 2827 679 2891 Ex
701 2827 808 2892 verbis
833 2829 851 2908 ἓ
876 2829 918 2891 78
942 2825 994 2888 ἵνα
1017 2828 1158 2889 καὶτοῦ
1181 2817 1274 2909 ὅρκου

101 2932 155 2993 καὶ
183 2935 247 2995 τῶν
276 2934 454 3014 λεγομένων
473 2929 635 3020 ἄκου’σητε,
666 2927 734 2997 ὅσα
758 2925 824 2995 οἷό
832 2955 850 2995 ν
864 2927 908 2995 τ’
932 2927 1038 2995 ἐστὶν
1062 2927 1221 2996 ἀκούειν
1244 2939 1275 2997 et

102 3039 121 3118 ἓ
148 3041 189 3102 79
218 3044 279 3103 τοῦ
306 3035 401 3123 ὅρκου
433 3043 487 3104 καὶ
518 3045 582 3104 τῶν
610 3041 825 3120 νομιζομένων
857 3043 1012 3123 πατρίων,
1036 3031 1105 3101 ὅσα
1129 3028 1214 3127 οἷόν
1236 3033 1275 3102 τ’

102 3140 210 3207 ἐστὶν
233 3144 389 3225 εἰπεῖν,
420 3141 577 3232 ἀκηκόατε
606 3147 690 3212 effioi
713 3153 800 3232 puto,
832 3166 898 3209 non
922 3153 1026 3210 totum
1047 3146 1275 3228 iusiurandum

102 3271 121 3313 e
139 3251 246 3316 scribo
264 3274 332 3318 esse
349 3258 524 3320 recitatum.
570 3253 684 3337 Neque
702 3255 803 3337 igitur
820 3241 891 3317 meo
910 3254 1030 3317 iudicio
1051 3273 1124 3316 oum
1142 3253 1275 3317 Momm-

102 3361 192 3421 senio
206 3357 230 3441 1)
252 3362 287 3423 in
316 3380 352 3424 eo
383 3361 543 3425 offendere
565 3362 649 3438 lieet,
674 3360 760 3444 quod
784 3360 947 3441 nonnullo,
971 3362 1109 3443 quaein
1132 3363 1203 3424 iure
1225 3361 1275 3423 iu-

103 3466 205 3528 rando
232 3468 336 3532 inesse
363 3467 474 3548 solent,
496 3470 532 3530 in
559 3467 697 3531 formula
718 3468 775 3529 illa
798 3486 863 3529 non
886 3469 1097 3551 reperiuntur.

194 3571 326 3637 Codices
358 3571 384 3635 F
415 3577 444 3636 Σ
472 3579 503 3636 Φ
525 3593 637 3638 vocem
661 3569 793 3652 θεόγνια
817 3573 979 3658 praebent,
1010 3575 1107 3638 ceteri
1129 3576 1273 3652 θεοίνια;

103 3685 214 3742 utrum
241 3679 483 3763 praeferendum
513 3683 567 3762 sit,
602 3680 776 3744 diiudicare
808 3699 875 3742 non
907 3679 1016 3744 audeo.
1076 3677 1171 3763 Apud
1192 3677 1275 3743 Hor-

104 3786 321 3868 poorationem
346 3807 369 3851 s.
391 3807 421 3848 v.
445 3790 588 3850 θεοίνιον
611 3789 690 3852 haee
712 3789 943 3860 inveniuntur:
978 3781 1019 3846 τὰ
1047 3781 1129 3848 κατὰ
1157 3779 1275 3868 δήμους

103 3887 255 3956 Διονύσια
282 3895 412 3957 Θεοίνια
437 3889 569 3975 ἐλέγετο,
589 3889 625 3957 ἐν
647 3883 694 3964 οἷς
719 3891 749 3955 οἱ
771 3895 918 3977 γεννῆται
941 3886 1085 3954 ἐπέθυον
1109 3909 1116 3923 ·
1139 3887 1195 3952 τὸν
1217 3887 1276 3972 γὰρ

103 3993 258 4063 Διόνυσον
284 4002 412 4062 θέοινον
440 3997 555 4081 ἔλεγον.
596 3989 784 4082 'Hesychius
812 4019 923 4063 vocem
955 4001 1001 4062 sio
1034 4000 1274 4083 interpretatur:

103 4111 202 4171 θυσία
225 4095 381 4170 Διονύσου
405 4101 568 4192 Ἀθήνησιν
583 4108 659 4188 ’(καὶ
682 4101 760 4178 θεὸς
792 4107 917 4176 θίοινος
939 4099 1103 4186 Διόνυσος)
1126 4103 1276 4186 idemque
1331 4123 1336 4128 ·

103 4223 127 4281 s.
148 4235 179 4280 v.
204 4207 360 4297 Ἰόβακχυς
382 4214 529 4298 praebet:
555 4207 572 4276 ὁ
596 4209 748 4284 Διόνυσος
768 4207 834 4276 ἀπὸ
857 4215 913 4297 τῆς
935 4215 1092 4294 βακχείας.

109 4420 113 4456 ,·
177 4393 198 4461 ¹)
217 4391 385 4460 Heortologie
405 4397 538 4462 pug.,858
554 4395 646 4446 annot.
