3102 5000
578 338 797 399 „49-

96 534 167 598 quo
205 515 292 578 domi
320 514 506 577 Philostrati
530 519 604 594 erat,
626 514 844 577 meretricium
869 516 1037 595 quaestum
1063 511 1188 592 fecerat,
1218 511 1277 573 hoc

95 621 316 684 Philostratus
340 622 408 684 sine
428 619 526 683 dubio
546 621 729 684 testimonio
749 619 937 683 confirmare
958 619 1071 701 potuit.

191 726 299 790 Verba
313 729 523 805 testimonii'§
535 730 576 791 32
596 728 650 789 καὶ
659 725 813 795 καταθεὶς
828 721 865 786 τὸ
878 717 1025 808 ἀργύριον
1035 719 1132 808 ᾤχετο
1144 715 1278 800 ἀπάγων

96 827 255 918 Ἀθήναζε
279 837 424 914 Νέαιραν
447 831 580 896 Staeker
603 855 621 897 a
644 834 770 896 falsario
792 833 928 915 quodam
954 831 1076 894 adiecta
1099 849 1167 894 esse
1191 831 1276 893 exis·

95 943 203 1004 timat.
251 940 306 1017 „ln
329 940 394 1003 fine
416 940 580 1022 formulae,
596 942 710 1023 inquit,
727 939 993 1003 Westermannus
1012 957 1070 1000 suo
1089 939 1160 1000 iure
1179 936 1276 998 offen·

98 1047 158 1127 dit,
184 1048 337 1129 quoniam
366 1065 473 1128 neque
503 1052 609 1110 orator
639 1047 705 1110 ullo
733 1048 803 1109 loco
828 1046 913 1126 dicit,
947 1063 1010 1128 quo
1039 1043 1182 1124 Phrynio
1206 1061 1275 1106 sese

93 1155 239 1234 verterit,
262 1171 367 1234 neque
392 1158 537 1216 extrema
563 1153 658 1216 verba
677 1173 751 1216 cum
770 1153 882 1216 ceteris
900 1152 967 1215 ullo
986 1150 1081 1214 modo
1106 1150 1276 1213 cohaerent

97 1251 209 1342 neque
242 1261 371 1322 omnino
405 1260 445 1322 ad
473 1279 542 1322 rem
576 1261 765 1342 pertinent.“
829 1259 875 1321 At
903 1260 1045 1342 primum
1074 1261 1179 1319 orator
1210 1255 1275 1318 illis

94 1367 113 1446 ξ
140 1369 184 1430 33
210 1358 402 1446 ἀφικόμενος
425 1369 532 1428 τοίνυν
564 1368 658 1450 δεῦρο
688 1362 767 1444 ἔχων
795 1358 895 1450 αὐτήν
923 1371 979 1428 etc.
1005 1369 1112 1447 aperte
1131 1381 1168 1426 ac
1192 1363 1275 1425 dilu-

94 1472 170 1535 cide
204 1472 296 1553 dixit,
328 1472 484 1536 Neaeram
509 1479 539 1536 et
561 1473 781 1554 Phrynionem
805 1473 949 1535 Athenas
971 1473 1116 1548 venisse3
1141 1475 1210 1532 tum
1234 1487 1274 1532 ex

93 1578 206 1642 verbis
240 1579 294 1640 καὶ
318 1576 538 1649 καταθεὶς-τὸ
564 1573 710 1664 ἀργύριον
729 1576 827 1664 οἴχετο
853 1568 986 1657 ancyran
1008 1571 1158 1661 ’Ἀθήναζε
1180 1580 1275 1640 Νέαι-

95 1707 160 1768 ραν
184 1691 324 1769 apparet,
356 1684 513 1750 Neaeram
537 1688 757 1751 condicionem
777 1688 865 1750 illam
889 1707 908 1749 a
929 1683 1133 1748 Timanorida
1156 1689 1187 1747 et
1209 1683 1275 1746 Eu-

93 1797 183 1854 crate
208 1793 305 1854 latam
328 1785 385 1872 e'p'
406 1775 431 1877 ᾧ
449 1788 484 1854 ἐν
501 1797 651 1878 Κορίνθῳ
670 1789 715 1879 μὴ
735 1788 922 1876 ἐργάζεσθαι
941 1812 975 1856 re
994 1811 1071 1855 vera
1089 1791 1273 1854 servavisse,

178 1899 269 1985 ¹Tum
301 1899 351 1961 vir
381 1899 493 1964 doctus
523 1901 605 1984 (pag.
636 1903 693 1984 47)
725 1905 827 1983 putat,
864 1905 1021 1962 oratorem
1048 1887 1274 1962 ¹testimonium

92 2004 287 2085 Phrastoris,
312 2006 436 2088 quod§
461 2009 502 2070 55
526 2009 725 2090 promiserat,
748 2027 783 2070 re
801 2026 878 2070 vera
897 2007 1041 2069 attulisse
1058 2005 1158 2087 idque
1180 2005 1273 2066 initio

94 2111 195 2174 etiam
216 2112 352 2175 orationi
374 2115 529 2176 insertum
547 2113 656 2176 fuisse.
690 2111 753 2177 Sed
775 2115 915 2196 primum
940 2114 1101 2195 explicare
1119 2131 1185 2174 non
1204 2115 1273 2194 pot·

92 2223 152 2299 est,
184 2237 242 2280 cur
268 2219 328 2281 hoc
351 2221 570 2282 testimonium
595 2220 758 2300 exciderit,
782 2239 857 2283 cum
876 2239 986 2282 omnes
1005 2219 1101 2282 huius
1122 2218 1273 2281 orationis

92 2325 254 2388 formulae
273 2324 366 2388 nobis
386 2332 530 2388 servatae
549 2328 626 2404 sint;
646 2334 716 2389 tum
734 2327 769 2389 id
788 2311 925 2408 quoque,
944 2327 1058 2408 utipse
1076 2325 1274 2388 intellexisse

18 2513 19 2518 ἵ
93 2430 232 2513 videtur,
265 2433 440 2495 sententiae
469 2435 538 2496 eius
570 2434 679 2515 obstat,
720 2435 806 2516 quod
834 2441 939 2497 orator
971 2435 989 2514 ξ
1023 2435 1063 2496 61
1095 2432 1134 2494 de
1165 2430 1273 2510 Bryti-

97 2539 215 2600 darum
239 2543 363 2601 tantum
387 2541 565 2602 testimonio
590 2540 673 2606 dicit.
722 2539 824 2615 Quem
848 2541 1035 2623 scrupulum
1058 2543 1095 2600 ut
1118 2540 1272 2615 amoveat,

94 2646 222 2729 conicit,
250 2647 343 2708 initio
368 2652 399 2710 et
422 2646 521 2711 verba
543 2647 599 2709 illa
622 2647 675 2708 καὶ
699 2639 748 2708 ὅτι
775 2651 879 2708 ταῦτα
904 2639 1013 2729 ἀληθῆ
1035 2644 1128 2723 λέγω,
1151 2636 1274 2705 τούτων

94 2744 174 2828 ὑμῖν
201 2746 365 2834 μοι’ρτνρας
397 2752 471 2824 τούς
503 2750 667 2834 παρόντος
699 2755 862 2835 Βρυτιδῶν
893 2755 1077 2834 παρέξομαι
1107 2757 1137 2814 et
1165 2749 1273 2829 Bryti-

95 2858 210 2922 darum
240 2861 457 2923 testimonium
490 2861 626 2923 orationi
654 2866 725 2943 post
756 2864 774 2939 ξ
804 2862 845 2924 60
877 2849 998 2922 inserta
1019 2859 1128 2937 fuisse,
1163 2863 1272 2939 postea

95 2969 204 3028 autem
228 2987 246 3029 a
269 2965 399 3030 librario
425 2968 563 3050 quodam
586 2969 621 3028 in
644 2967 709 3030 fine
732 2968 923 3030 narrationis
954 2983 1022 3030 esse
1050 2967 1161 3048 posita.
1202 2964 1271 3048 Ego

18 3087 19 3092 ’
94 3076 246 3135 neutram
271 3075 487 3137 coniecturam
510 3074 619 3159 probe,
655 3076 711 3157 qui
735 3094 832 3156 supra
855 3075 933 3137 satis
957 3073 1167 3156 explicavisse
1190 3072 1271 3134 mihi

18 3179 19 3216 l
93 3178 213 3260 videar,
242 3199 300 3242 cur
322 3184 427 3243 orator
457 3199 561 3264 neque
591 3181 797 3244 Phrastorem
829 3182 998 3261 vocaverit,
1029 3185 1066 3242 ut
1093 3185 1270 3261 testaretur,

94 3285 202 3349 iurare
232 3305 266 3350 se
289 3287 439 3365 noluisse,
469 3306 575 3371 neque
607 3289 641 3350 id
664 3289 771 3371 ipsum
793 3291 828 3351 in
855 3289 1066 3370 Brytidarum
1089 3289 1269 3350 testimonio

96 3385 302 3476 inscripserit.

184 3499 285 3562 Plane
309 3505 417 3564 autem
440 3501 674 3564 inconsiderate
699 3501 830 3566 Staelrer
861 3524 931 3586 pag.
956 3506 998 3565 54
1023 3502 1062 3566 de
1085 3504 1191 3568 verbis
1216 3505 1269 3566 de*

95 3607 174 3668 creti
196 3601 282 3690 πλην
301 3604 334 3668 εἴ
348 3628 394 3678 τις
412 3600 596 3693 ἱερωσύνηῆ
612 3604 727 3694 τελετή
742 3605 826 3681 ἐστιν
839 3606 873 3672 ἐκ
886 3614 993 3687 γένους
1012 3613 1058 3673 sic
1075 3611 1269 3675 iudicavisse

95 3711 175 3773 mihi
197 3711 342 3776 videtur:
367 3713 459 3796 „Non
477 3715 615 3778 multum
633 3718 729 3799 valet,
750 3719 836 3800 quod
847 3723 952 3780 orator
962 3717 1047 3796 dicit,
1066 3717 1268 3782 Plataeenses

95 3817 253 3900 μηδεμιᾶς
276 3815 444 3905 ἱερωσύνης
465 3826 620 3904 μετέχειν,
644 3843 718 3888 cum
740 3827 774 3888 in
797 3825 935 3887 formula
956 3824 1101 3907 legamus
1123 3832 1269 3902 μετεῖναι

96 3925 148 3986 καὶ
176 3923 272 4007 ἱερῶν
294 3927 348 3988 καὶ
376 3919 478 4010 ὁσίων,
501 3926 587 4013 πλὴν
617 3927 650 3992 εἴ
675 3953 723 4001 τις
750 3926 902 4014 ἱερωσύνη
932 3923 952 4015 ἢ
984 3925 1099 4014 τελετή
1126 3925 1210 3992 ἐστιν
1233 3927 1268 3993 ἐκ

95 4035 207 4107 γένους.
264 4031 346 4095 Cum
374 4036 459 4097 enim
485 4037 581 4119 longe
609 4038 749 4119 plurima
779 4038 955 4102 sacerdotia
980 4037 1154 4101 hereditate
1182 4039 1268 4102 intra

96 4145 213 4220 gentes,
241 4141 275 4201 in
304 4160 385 4222 quas
415 4143 545 4224 quidem
568 4143 769 4208 Plataeenses
793 4163 859 4206 non
883 4144 1127 4228 recipiebantur,
1150 4131 1267 4208 tradita

96 4247 165 4328 sint,
189 4251 295 4310 orator
317 4266 382 4309 non
405 4268 536 4331 prorsus
560 4254 706 4313 accurate
730 4249 934 4315 Plataeenses
958 4253 1102 4315 omnium
1122 4251 1266 4316 sacerdo·

96 4354 212 4416 tiorum
241 4360 389 4436 expertes
417 4373 485 4418 esse
516 4356 617 4421 dicit.“
676 4359 721 4420 At
751 4364 857 4421 orator
883 4363 914 4420 et
942 4359 1001 4421 hoc
1030 4357 1100 4420 loco
1124 4363 1156 4423 et
1179 4359 1198 4439 ἓ
1223 4359 1265 4421 92

1089 4470 1105 4519 4
