3102 5000
784 333 1001 396 ..34-

205 499 208 504 ’
307 506 498 593 affirmaret,
514 507 664 594 'ideoque
695 509 793 574 verba
826 509 844 591 ξ
881 511 923 574 84
951 508 1004 572 καί
1033 499 1195 588 ἀναγκάσω
1224 513 1404 591 μαρτυρεῖν
1435 507 1484 570 in-

305 619 412 703 tellegi
435 638 501 682 non
524 636 623 702 pesse.
678 617 781 680 Immo
804 637 890 702 rere,
913 622 949 680 ut
971 618 1051 680 mihi
1075 616 1204 700 quidem
1222 615 1362 699 videtur,
1384 615 1486 678 Theo-

306 727 381 810 geni
404 726 543 789 maxime
565 726 737 790 molestum
755 743 792 788 ac
810 743 909 807 grave
929 729 995 788 eret
1019 725 1138 806 testari,
1168 720 1353 788 archontem'
1373 719 1485 806 regem

307 853 342 898 se
365 833 475 897 Phano
499 833 589 897 illam
612 835 647 896 in
671 832 911 896 matrimonium
933 831 1074 908 duxisse,
1099 851 1196 915 quam
1213 849 1279 894 non
1298 830 1397 893 modo
1420 849 1485 893 non

305 943 473 1026 virginem,
510 940 566 1004 sed
603 940 710 1023 potius
751 939 949 1002 meretricem
987 937 1086 1002 fuisse
1129 937 1250 1003 iudices
1268 943 1485 1022 .eompertum

306 1048 466 1113 haberent.
970 1047 974 1055 '
1106 1111 1108 1118 ,
1221 1063 1224 1072 ’
1313 1043 1318 1052 “

394 1153 544 1237 Denique
567 1153 833 1217 Westermamrus
865 1157 1042 1217 extremam
1070 1157 1192 1236 partem
1214 1152 1403 1216 'testimonii
1426 1145 1485 1235 τήν

304 1281 343 1325 τε
367 1257 543 1344 ἄνθρωπον
566 1254 713 1341 ἐκβαλεῖν
734 1260 789 1323 καὶ
812 1252 917 1323 ου’κέτι
940 1267 1095 1322 συνοικεῖν
1117 1253 1208 1347 αὐτῇ,
1238 1259 1293 1322 καί
1316 1263 1485 1339 Στέφανον

308 1362 469 1432 ἀπελάσαι
493 1360 559 1430 άπὸ
584 1369 639 1452 τῆς
662 1368 838 1451 παρεδρίας
861 1365 915 1428 καὶ
938 1359 995 1429 ούκ
1014 1361 1071 1429 ἐᾶν
1090 1361 1138 1429 ἔτι
1156 1360 1372 1450 παρεδρεύειν
1395 1357 1485 1449 αὐτῷ

307 1481 345 1540 ut
367 1475 532 1539 verbosius
556 1475 705 1557 scriptam
724 1473 934 1558 reprehendit.
957 1474 1045 1537 Talia
1068 1493 1251 1538 asermone
1270 1475 1407 1537 oratoris
1426 1473 1485 1535 mi-

307 1585 394 1646 nime
417 1582 521 1646 aliena
544 1599 614 1644 esse
636 1583 701 1644 iam
724 1600 818 1664 saepe
851 1581 928 1646 dixi.
979 1579 1125 1644 Fortasse
1149 1586 1257 1645 autem
1280 1582 1309 1644 is
1333 1581 1485 1644 similiter

307 1694 402 1774 atque
433 1690 468 1751 in
499 1690 680 1752 testimonio
712 1691 730 1768 ξ
764 1690 806 1750 54
839 1687 973 1750 consilio
1004 1692 1050 1751 tet
1084 1687 1190 1751 verbis
1223 1707 1301 1754 usus
1325 1693 1384 1770 est,
1418 1706 1482 1770 que

307 1796 424 1859 elarius
443 1801 616 1884 appareret,
636 1814 699 1878 quo
719 1795 825 1858 animo
834 1794 1020 1879 Theogenes
1039 1797 1073 1857 in
1094 1794 1205 1858 Phano
1225 1815 1262 1858 ae
1281 1794 1484 1880 Stephanum

308 1907 399 1970 esset.
443 1927 474 1963 ·.
936 1903 939 1910 ’
1465 1901 1479 1924 ·'

567 2101 615 2163 re.
655 2053 711 2162 ὀε
733 2100 915 2164 testimonio
939 2120 968 2183 p.
994 2101 1078 2164 1387
1103 2100 1121 2180 s
1147 2101 1219 2166 τω.
1266 2133 1269 2140 .

394 2251 609 2342 Ἱπποκράτης
626 2249 861 2339 Ἱπποκράτους
880 2258 1102 2343 Προβαλίσιος,
1135 2260 1348 2344 Δημοσθένης
1376 2265 1484 2344 Δημο-

309 2367 444 2434 σθένους
470 2358 656 2442 Παιανιεύς,
678 2359 841 2450 Διοφάνης
864 2349 1299 2452 ΔιοφάνουςἈλωπεκηθεν,
1324 2372 1485 2452 Διομένης

307 2463 472 2553 Ἀρχελάου
510 2467 763 2556 Κυδαθηναιεύς,
792 2476 921 2543 Δεινίας
959 2473 1122 2555 Φορμίδυυ
1150 2474 1358 2559 Κυδαντίδης,
1382 2479 1487 2538 Λυσί-

306 2598 407 2661 μαχος
430 2580 611 2640 Λυσίππου
641 2575 793 2657 Αἰγιλιεύς
820 2583 1015 2663 μαρτυροῦσι
1045 2589 1200 2663 παρεῖναι
1232 2576 1267 2644 έν
1297 2563 1405 2665 άγορᾷ,
1438 2575 1486 2645 ὅτ’

307 2679 538 2765 Ἀπολλόδωρος
568 2678 782 2767 προύκαλεῖτο
811 2690 983 2767 Στέφανον,
1008 2680 1103 2763 άξιοῖν
1126 2689 1331 2772 παραδοῦναι
1350 2685 1400 2760 ἐἰς
1430 2685 1485 2771 βά-

308 2813 403 2854 σανον
425 2787 482 2862 τὰς
509 2793 723 2876 θεραπαίνας,
756 2775 900 2876 aspi-'aiv
930 2787 1040 2880 ᾐτιᾶτο
1063 2787 1294 2878 Ἀπολλόδωρος
1317 2799 1488 2877 Στέφανον

308 2898 384 2981 περὶ
408 2901 551 2981 Νεαίρας
575 2920 581 2933 ·
604 2904 768 2981 Στέφανον
791 2893 878 2962 δὀύκ
901 2895 1053 2986 ἐθελῆσαι
1079 2903 1282 2986 παραδοῦναι
1304 2885 1362 2974 τὰς
1385 2893 1486 2988 θερα-

308 3007 426 3075 παίνας
450 3025 456 3038 ·
476 3002 534 3067 ria
557 3004 591 3068 δὲ
615 3001 788 3092 πρόκλησιν
811 2998 894 3071 εἶναι
917 3003 955 3092 ἣν
978 3012 1156 3092 παρέχεται
1176 3003 1419 3095 Ἀπολλόδωρος.

801 3162 986 3252 Πρόκλησις.

400 3283 488 3354 Τάδε
516 3288 729 3369 προκαλεῖται
758 3284 990 3375 Ἀπολλόδωρος
1014 3298 1196 3375 Στέφανον,
1233 3295 1311 3378 περὶ
1345 3277 1390 3357 οἷν
1406 3293 1485 3383 ,τὴν

308 3392 431 3482 γραφὴν
452 3401 635 3481 γέγραπται,
655 3402 800 3482 Νέαιραν
823 3402 914 3484 ξένην
936 3387 1034 3464 οὖσαν
1057 3394 1142 3486 άστηῖ
1164 3410 1327 3484 συνοικεῖν,
1355 3397 1486 3484 ἕτοιμος

309 3496 353 3566 ὢν
375 3498 432 3573 τὰς
454 3505 659 3586 θεραπαίνας
676 3500 946 3588 παραλαμβάνειν
963 3504 1020 3578 τὰς
1038 3512 1187 3592 Νεαίρας,
1213 3504 1303 3581 ἃςέκ
1322 3503 1487 3592 Μεγάρων

251 3593 259 3611 ’
310 3604 425 3687 ἔχουσα
455 3596 546 3694 ἦλθε,
582 3614 733 3695 Θράττσν
759 3613 818 3674 καὶ
849 3613 1054 3700 Κοκκαλίνην,
1086 3615 1139 3676 καὶ
1172 3609 1208 3686 ἃς
1236 3607 1369 3698 ὕστερον
1391 3611 1485 3699 παρὰ

309 3711 463 3801 Στεφάνῳ
496 3712 657 3803 ἐκτήσατο,
685 3717 823 3789 Ξεννίδα
852 3719 905 3782 καὶ
928 3722 1081 3805 Δροσίδα,
1114 3718 1171 3794 τὰς
1200 3719 1320 3794 εἰδυίας
1349 3716 1486 3805 ἀκριβεῖς

310 3822 387 3906 περὶ
409 3827 473 3886 τάν
495 3826 622 3888 παίδων
648 3830 712 3889 τῶν
734 3821 909 3907 Στεφάνου,
934 3819 983 3890 ὅτι
1006 3823 1041 3890 ἐκ
1063 3832 1207 3911 Νεαίρας
1229 3825 1298 3907 εἰσί,
1320 3825 1487 3913 Πρόξενός

309 3950 346 3994 τε
369 3922 386 3991 ὁ
410 3926 599 4018 τελευτήσας
621 3934 675 3998 καί
706 3927 847 4016 Ἀρίστων
871 3927 887 3996 ὃ
910 3937 968 3998 νῦν
991 3930 1035 3996 ὢν
1056 3935 1117 3997 καλ
1132 3929 1344 4022 Ἀντιδωρίδης
1371 3930 1389 3998 ὃ
1412 3953 1486 4000 στα-

310 4037 490 4120 διαδρυμάν
521 4040 574 4103 καὶ
608 4037 727 4120 Φανώ,
756 4035 812 4122 ἐφ’
841 4024 865 4126 ᾧ
892 4063 929 4104 τε
956 4045 1123 4124 βασανίσαι
1142 4035 1257 4114 ἀύτάς.
1285 4043 1339 4106 καί
1366 4040 1397 4106 εἰ
1422 4044 1487 4126 μὲν

311 4138 495 4225 ὁμολογοῖεν
517 4140 552 4208 ἐκ
574 4141 741 4228 Στεφάνου
765 4139 923 4212 εἶναικαὶ
945 4153 1088 4233 Νεαίρας
1110 4144 1243 4221 τούτους
1260 4147 1334 4221 τούς
1353 4151 1485 4231 παῖδας,

310 4255 505 4334 πεπρᾶσθαι
536 4257 681 4337 Νέαιραν
708 4250 791 4316 κατὰ
820 4251 894 4326 τούς
915 4249 1033 4335 νόμους
1060 4257 1113 4319 καὶ
1136 4255 1210 4328 τοὺς
1233 4257 1354 4328 παῖδας
1377 4259 1486 4332 ξένους

285 4349 394 4430 ,εἶναι
422 4378 429 4393 ·
454 4355 484 4421 εἰ
510 4357 545 4421 δέ
576 4356 621 4444 μὴ
645 4353 830 4441 ὁμολογοῖεν
862 4357 897 4423 έκ
925 4357 1045 4447 ταύτης
1073 4355 1156 4426 εἶναι
1186 4356 1310 4444 αύτούς,
1326 4357 1414 4427 ,ἀλλ’
1433 4360 1485 4439 ἐξ
