3102 5000
146 1209 242 1306 Litis
280 1243 505 1324 instrumente,
547 1262 629 1326 quae
657 1243 855 1310 orationibus
886 1243 1052 1307 nonnullis
1085 1245 1255 1307 atticorum

77 1354 242 1412 oratorum
270 1351 390 1414 inserta
417 1349 458 1413 ad
485 1369 544 1413 nos
571 1356 800 1433 pervenerunt,
832 1354 942 1412 utrum
971 1351 1113 1433 genuina
1145 1352 1256 1414 existi-

75 1456 197 1519 manda
221 1461 325 1520 essent
342 1476 452 1538 necne,
475 1457 537 1520 riri
557 1457 642 1520 docti
660 1476 764 1542 usque
787 1449 827 1520 ad
850 1461 990 1520 nostram
1009 1462 1143 1520 aetatem
1162 1477 1256 1542 saepe
1334 1466 1336 1472 ’

77 1582 117 1626 ac
148 1561 315 1646 diligenter
346 1563 574 1628 disseruerunt.
583 1563 608 1646 1)
653 1563 750 1627 Initio
774 1583 828 1628 eos
851 1565 1022 1648 praecipue
1044 1565 1085 1628 iis
1107 1565 1255 1629 formulis

76 1689 208 1754 operam
223 1669 356 1751 dedisse,
376 1690 456 1752 quae
474 1654 509 1732 in
525 1669 749 1735 Demosthenis
768 1670 807 1734 de
823 1689 940 1734 corona
959 1671 1100 1735 oratione
1119 1676 1255 1750 exstant,

76 1781 208 1861 propter
231 1778 382 1841 orationis
404 1778 508 1860 ipsius
531 1777 707 1841 claritatem
731 1783 827 1861 atque
850 1779 1038 1860 gravitatem
1060 1795 1183 1860 rerum,
1217 1779 1256 1842 de

78 1883 198 1966 quibus
222 1903 259 1948 ea
281 1885 395 1968 agitur,
423 1903 489 1947 nen
512 1886 631 1948 mirum
654 1883 789 1948 ridetur.
835 1882 1018 1963 Nonnullas
1042 1883 1255 1965 difficultates,

78 2009 159 2073 quas
181 1982 405 2070 illae'habent
435 2011 509 2054 cum
532 1991 749 2074 Boechhiusl)
773 1991 892 2074 aliique
913 1991 1025 2054 tollere
1048 1993 1255 2074 studuissent

75 2095 279 2178 Droysenius
289 2098 314 2182 ³)
336 2100 477 2162 maxime
498 2099 618 2162 frustra
641 2099 829 2163 adversante
852 2097 1088 2179 Boehneohio⁴)
1118 2100 1255 2162 auctori-
1281 2121 1283 2124 ·

76 2209 174 2268 tatem
207 2224 317 2269 earum
343 2207 531 2289 gravissime
563 2205 717 2270 labefecit.
763 2204 853 2268 Idem
884 2205 1041 2269 iudicium
1074 2205 1113 2268 de
1141 2207 1255 2269 ceteris

76 2311 229 2375 omnibus
256 2312 322 2375 litis
349 2297 585 2390 instrumentis
620 2331 701 2395 quae
731 2314 767 2375 in
795 2312 867 2376 aliis
885 2312 1093 2376 orationibus
1118 2318 1255 2395 exstant,

74 2419 261 2483 faciendum
298 2439 367 2483 esse
400 2420 558 2503 imprimis
590 2417 898 2501 Westermennus5),
941 2421 990 2483 vir
1027 2421 1255 2502 antiquitatum

76 2545 265 2609 graecarum
288 2528 516 2609 peritissimus,
548 2525 652 2590 tribus
681 2526 1004 2590 commentationibus
1037 2526 1256 2590 demonstrare

77 2638 211 2696 conatus
234 2637 289 2698 est.
328 2631 432 2708 Quam
454 2635 643 2697 sententiam
662 2638 787 2717 praeter
805 2633 924 2696 multos
943 2632 1022 2696 alios
1040 2635 1126 2697 viros
1146 2635 1255 2697 doctos

76 2739 264 2804 Voemelius
272 2741 295 2814 61
327 2739 560 2823 comprobavit,
594 2742 651 2824 qui
682 2741 750 2823 ipse
774 2744 867 2803 antea
891 2741 1112 2804 auctoritatem
1134 2740 1254 2803 formu-

76 2869 292 2876 ᾐ-

170 2917 190 2986 11
210 2915 308 2970 Omnia
335 2917 391 2969 fere
414 2916 527 2985 scripta,
554 2932 623 2986 quae
642 2915 765 2970 adhunc
784 2914 971 2982 quaestionem
989 2915 1137 2984 pertinent,
1163 2915 1254 2969 Wort·
1319 2903 1322 2907 ¹

77 3021 192 3060 mannus
219 3005 248 3058 in
277 3004 465 3058 dissertatione
493 3021 561 3073 quae
592 3005 751 3058 inscribitur
778 3004 836 3071 „De
864 3003 981 3057 decretis
1008 3003 1036 3055 in
1063 3003 1254 3059 Demosthenis

75 3094 228 3149 Aeschinen
238 3093 409 3148 exstantibus
423 3093 511 3148 atticis
523 3093 667 3162 hbelloque
680 3092 841 3146 1666111116ιι
853 3091 991 3162 Morburgi
1009 3097 1075 3148 1877
1088 3110 1147 3164 pag.
1164 3100 1177 3148 1
1192 3111 1250 3162 sqq.

75 3183 234 3252 composuit.
481 3249 484 3257 Ι
1339 3259 1342 3265 Ι

166 3272 188 3341 ²)
207 3271 422 3340 Abhandlungen
447 3271 497 3326 ¹der
519 3270 641 3325 Berliner
663 3271 822 3339 Ahademie,
849 3271 1030 3340 hist-philos.
1057 3271 1155 3325 Klasse
1181 3276 1248 3327 1827

73 3379 135 3433 pag.
157 3365 208 3415 129
228 3377 285 3430 sqq.
307 3359 455 3428 (Opuscula
472 3361 512 3414 IV
530 3377 589 3430 pag.
610 3364 661 3414 266
680 3362 757 3429 sqq).

166 3451 188 3520 ⁸)
207 3451 363 3504 Zeitsehriit
381 3450 425 3502 fiir
443 3449 486 3502 die
504 3450 844 3504 Altertumswissensehait
864 3455 941 3519 1839,
961 3467 1003 3505 no.
1014 3453 1049 3504 68
1068 3466 1131 3520 sqq3
1151 3449 1250 3504 ibidem
1302 3493 1305 3498 .

75 3545 146 3596 1845
165 3555 208 3594 no.
228 3544 243 3592 2
263 3556 319 3608 sqq.
567 3531 569 3536 ’

165 3630 187 3699 ⁴)
206 3629 397 3698 Forschungen
416 3629 464 3683 aui
481 3629 541 3682 dem
561 3628 670 3690 Gebiete
689 3629 737 3682 der
754 3628 888 3682 attischen
902 3628 1009 3682 Redner
1027 3632 1104 3682 1843.

141 3729 145 3738 “
169 3719 191 3787 ⁵)
211 3735 234 3773 a.
253 3717 294 3771 De
313 3718 370 3771 litis
388 3718 586 3786 instrumentis,
606 3734 676 3786 quae
695 3720 802 3771 exstant
821 3717 849 3770 in
869 3717 990 3772 oratione
1007 3717 1035 3770 in
1048 3717 1162 3772 Midiam
1177 3721 1255 3772 1844.

215 3807 240 3860 b.
259 3792 508 3876 Untersuohungen
530 3807 598 3860 iiber
624 3807 666 3860 die
689 3808 718 3860 in
741 3807 783 3860 die
805 3806 938 3860 attisehen
958 3806 1064 3860 Redner
1086 3806 1255 3880 eingelegten

78 3898 230 3954 Urhunden
248 3896 277 3949 in
295 3896 511 3966 Abhandlungen
529 3897 578 3949 der
596 3897 683 3950 sdehs.
698 3895 844 3950 Gesellsch.
865 3896 913 3949 der
926 3895 1092 3950 Wissensch.
1111 3895 1254 3965 phil-hist.
1363 3910 1366 3919 ·

77 3988 176 4041 Klasse
197 3990 265 4041 1850
283 3986 298 4039 Ι
316 4002 375 4054 pag.
397 3991 409 4039 1
430 4000 488 4054 sqq.

216 4092 239 4129 e.
259 4074 300 4128 De
318 4074 496 4129 iurisiurandi
519 4075 644 4129 iudicum
661 4075 867 4130 Atheniensium
885 4074 1013 4144 formula,
1034 4090 1102 4144 qnae
1121 4075 1209 4128 exstat
1226 4073 1255 4126 in

77 4164 271 4221 Demosthenis
291 4163 409 4218 oratione
427 4163 456 4216 in
473 4164 650 4218 Timocratem
672 4169 747 4219 1858.
825 4209 829 4218 .
966 4165 968 4170 '

170 4254 192 4323 ο)
212 4253 369 4306 Zeitsehrift
387 4253 432 4305 fiir
450 4253 492 4306 die
510 4253 847 4308 Altertumswissensohalt
862 4257 927 4308 1851
948 4269 991 4307 no.
1012 4257 1046 4308 30
1065 4255 1148 4308 6131.
1167 4251 1253 4305 Praei.

78 4346 113 4398 ad
133 4344 210 4398 Dem.
230 4358 267 4397 or.
287 4359 309 4396 o.
329 4341 427 4396 Aesoh.
1044 4419 1057 4467 1
