3102 5000
780 298 988 358 ,2-

299 477 403 545 larum
431 473 657 539 Demosthenis
689 473 728 536 de
757 491 874 536 corona
907 473 1059 537 orationis
1092 466 1320 556 defenderam)
1365 475 1483 536 Denuo

299 589 385 648 mota
404 587 451 648 est
471 580 623 665 quaestio,
637 600 712 644 aum
731 600 772 644 ex
791 580 917 645 duabus
936 580 1128 665 quibusdam
1145 578 1420 663 inscriptionibus,
1440 578 1484 643 de

301 686 678 773 quibusKirehhoffius2)
698 686 1286 770 0110011013)110111101011111,111110
1302 695 1484 770 appareret,

301 802 332 860 ot
354 797 523 860 nominum
548 794 707 872 catalogos
730 794 909 858 Andocidis
933 795 1069 857 orationi
1093 793 1133 856 de
1155 794 1317 874 mysteriis
1339 794 1483 856 insertos

300 903 461 986 genuinos
485 920 554 965 esse
577 907 608 964 et
632 919 714 984 quae
736 901 849 964 insunt
870 901 905 963 in
928 901 1007 984 legis
1030 900 1196 964 cuiusdam
1219 900 1369 981 formula,
1394 919 1484 983 quae

300 1014 406 1073 exstat
427 1009 462 1070 in
480 1006 704 1072 Demosthenis
722 1006 922 1089 Macartatea,
944 1015 1031 1071 reate
1049 1026 1083 1070 se
1101 1006 1226 1072 habere.
1265 1005 1335 1082 Quo
1354 1005 1483 1069 factum

300 1121 355 1198 est,
382 1120 421 1180 ut
442 1114 690 1198 intellegeretur,
712 1117 879 1197 propterea
902 1113 1014 1196 solum,
1039 1113 1124 1196 quod
1147 1113 1309 1177 nonnullis
1331 1113 1484 1177 formulis

300 1224 369 1296 sine
393 1221 488 1285 dubio
511 1220 591 1285 fides
614 1239 681 1283 non
702 1219 849 1284 habenda
872 1225 929 1303 est,
951 1221 1084 1284 minime
1111 1221 1206 1285 lioere
1230 1221 1274 1285 de
1289 1221 1483 1286 auctoritate

300 1335 476 1393 ceterarum
500 1330 644 1392 omnium
668 1327 824 1391 dubitare.
972 1313 975 1319 ¹

388 1437 497 1519 Atque
526 1435 664 1520 profecto
692 1433 966 1517 Waohholtziust)
993 1435 1088 1499 titulo
1111 1435 1182 1516 ille,
1217 1452 1313 1518 quem
1336 1433 1483 1498 Koehler

300 1544 455 1626 sagaciter
492 1543 710 1626 suppleverat,
751 1541 792 1604 ad
823 1540 978 1604 formulas
1011 1541 1164 1606 orationis
1195 1543 1231 1604 in
1262 1541 1480 1605 Macartatum

299 1646 426 1712 habitae
448 1649 680 1732 percensendus
704 1648 863 1712 adductus
891 1666 944 1711 eas
967 1649 1123 1731 genuinas
1147 1667 1215 1712 esse
1239 1648 1480 1730 demonstravit,

300 1759 331 1816 et
352 1754 439 1818 idem
467 1754 497 1818 J.
520 1755 558 1821 Ε.
581 1755 741 1819 Xirohner
750 1755 773 1833 ⁵)
797 1754 837 1818 de
858 1755 923 1818 illis
947 1754 1070 1836 docuit,
1104 1773 1185 1838 quae
1217 1756 1253 1818 in
1277 1755 1481 1819 orationibus

300 1860 454 1926 adversus
467 1861 634 1926 Laeritum
653 1863 797 1946 etpriore
816 1862 970 1926 adversus
987 1860 1184 1946 Stephanum
1202 1861 1321 1924 habitis
1340 1865 1481 1924 exstant.

387 1967 503 2052 Neque
536 1971 639 2054 magis
667 1988 738 2034 mea
766 1969 927 2044 sententia
957 1967 1171 2032 dubitandum
1195 1973 1251 2050 est,
1285 1967 1366 2050 quin
1388 1969 1481 2030 testi-

299 2076 417 2157 monia,
434 2074 528 2159 lagae,
547 2083 669 2140 ceterae
684 2075 840 2139 formulae
852 2073 1258 2165 Pseudo-Demosthenioae
1274 2076 1309 2136 in
1319 2072 1480 2138 Neaeram

298 2182 467 2264 orationis,
499 2201 541 2244 ex
572 2181 690 2265 quibus
723 2202 788 2246 non
810 2201 913 2266 pauca
936 2182 977 2245 ad
999 2182 1247 2246 Atheniensium
1271 2182 1481 2263 antiquitates

297 2288 531 2371 intellegendas
568 2289 692 2352 hauriri
722 2294 872 2373 possunt,
911 2290 1054 2372 genuina
1088 2290 1161 2354 sint.
1216 2287 1377 2372 Equidem
1409 2307 1480 2352 non

298 2395 403 2458 solum
436 2395 655 2477 difficultates,
687 2397 720 2458 in
755 2395 872 2482 quihus
899 2397 962 2458 viri
992 2397 1078 2459 dooti
1113 2396 1326 2478 offenderunt,
1342 2380 1387 2458 ⁴si
1410 2414 1480 2458 non

299 2521 422 2584 omues,
446 2509 480 2566 at
502 2507 586 2565 oerte
609 2503 785 2565 maximam
807 2508 928 2586 partem
952 2502 1035 2584 tolli,
1058 2503 1115 2566 sed
1138 2504 1234 2566 etiam
1256 2502 1413 2566 nonnulla
1434 2503 1480 2566 ad

297 2608 509 2672 formularum
532 2608 629 2673 fidem
653 2608 832 2692 augendam
857 2609 961 2673 afferri
983 2628 1075 2694 posse
1098 2609 1286 2693 putaverim.

388 2714 481 2792 Quod
504 2716 544 2778 ad
568 2717 726 2800 originem
747 2716 959 2780 formularum
981 2717 1107 2798 attinet,
1139 2734 1248 2779 omnes
1276 2720 1331 2778 aut
1353 2715 1476 2778 falsarii

388 2996 406 3063 ¹)
425 2997 477 3050 Die
489 2997 615 3051 Eehtheit
633 2999 680 3052 der
692 2998 841 3052 Urhunden
859 2999 888 3052 in
907 2999 954 3052 des
969 2997 1170 3052 Demosthenes'
1191 2997 1264 3052 Reda
1282 3014 1346 3051 vom
1359 2996 1475 3052 Kranae.

297 3083 464 3140 Franoofurt.
484 3102 506 3139 a.
526 3085 563 3140 M.
587 3091 603 3140 4
623 3103 709 3156 progr.
731 3091 915 3142 1841-1844.
952 3086 1090 3155 Naohtrag
1117 3103 1153 3140 zu
1177 3087 1229 3140 den
1254 3085 1474 3156 Abhandlungen

297 3174 365 3227 iiber
384 3173 427 3226 die
445 3173 573 3227 Eehtheit
593 3175 640 3228 der
657 3176 807 3229 Urhunden
826 3176 870 3230 bei
887 3175 1084 3229 Demosthenes
1105 3180 1181 3230 1845.

388 3262 410 3331 ⁹)
429 3262 514 3316 Jahns
532 3262 710 3332 Jahrbiioher‚
729 3264 783 3319 vol.
802 3269 834 3319 81
856 3281 914 3334 pag.
935 3269 987 3320 238
1005 3255 1075 3333 sqq'

386 3351 615 3405 Monatsheriehte
633 3353 681 3405 der
699 3353 822 3407 Berliner
839 3353 986 3407 Akademie
1008 3359 1083 3421 1865,
1103 3370 1161 3424 pag.
1183 3358 1231 3408 141
1253 3369 1311 3424 sqq.

251 3500 254 3507 Δ
275 3477 277 3483 -
388 3441 409 3509 ⁸)
428 3440 543 3494 Hermes
561 3439 598 3507 H,
616 3457 675 3510 pag.
696 3446 729 3496 27
749 3458 807 3511 sqq.

386 3530 409 3599 ⁴)
428 3529 469 3584 De
503 3530 560 3583 litis
594 3530 781 3584 instrumentis
812 3532 841 3584 in
874 3532 1063 3586 Demosthenis
1091 3548 1160 3601 quae
1187 3533 1274 3585 fertur
1301 3531 1418 3586 oratione
1445 3532 1474 3586 in

296 3619 476 3673 Macartatum
496 3619 560 3672 diss.
579 3618 710 3674 Kiliensis
731 3624 807 3674 1878.
910 3691 912 3696 Ι

386 3708 409 3777 ⁶)
428 3708 468 3762 De
487 3708 543 3762 litis
562 3708 760 3778 instrumentis,
784 3725 853 3777 quae
872 3712 983 3764 exstant
1000 3710 1029 3762 in
1046 3709 1235 3764 Demosthenis
1254 3725 1322 3777 quae
1341 3710 1426 3762 101101
1443 3709 1474 3762 in
1530 3763 1531 3770 ,

295 3796 437 3850 Laeritum
464 3800 492 3850 et
518 3797 604 3866 priora
623 3798 753 3852 adversus
773 3798 940 3866 Stephanum
959 3799 1131 3853 orationibus.
1167 3799 1230 3853 diss.
1249 3798 1373 3851 Haleusis
1395 3803 1472 3853 1883.
1530 3791 1531 3849 l

191 3919 194 3926 »
297 3885 433 3940 Nonnulla
450 3886 558 3955 quidem
570 3885 598 3938 in
609 3886 661 3940 hao
674 3887 896 3942 commentatione
909 3886 1025 3956 Seeliger
1037 3887 1249 3957 Philologiseher
1260 3888 1393 3956 Anzeiger
1404 3887 1473 3941 XlV

297 3993 322 4044 p.
342 3979 395 4029 385
414 3991 471 4043 sqq.
495 3977 568 4028 reete
586 3975 790 4043 reprehendisse
817 3975 884 4028 mihi
906 3976 1028 4042 videtum
1052 3977 1100 4030 sed
1123 3991 1260 4029 summam
1277 3992 1381 4044 rerum,
1405 3993 1473 4045 quas

298 4064 431 4118 Kirohner
450 4064 581 4133 exposuit,
600 4081 654 4118 non
672 4064 830 4118 indubium
849 4065 994 4118 vocandam
1015 4080 1074 4118 esse
1092 4067 1166 4133 puto,
1188 4065 1347 4133 praesertim
1366 4082 1428 4119 oum
1447 4067 1472 4121 is

297 4153 395 4211 Rhein.
414 4153 541 4207 Museum
558 4153 694 4218 XXXIX,
713 4171 738 4228 p.
759 4158 811 4208 309
830 4169 869 4223 sq.
889 4153 1049 4220 ostenderit,
1074 4155 1178 4221 praeter
1196 4153 1245 4206 illa
1262 4155 1384 4222 nomina,
1404 4170 1472 4222 quae

296 4242 352 4296 iam
371 4242 400 4294 in
419 4242 606 4297 dissertatione
625 4243 724 4311 attulit,
744 4244 796 4296 duo
816 4241 875 4310 alia,
902 4257 970 4311 quae
989 4241 1018 4294 in
1036 4241 1159 4296 formulis
1178 4241 1362 4311 inveniuntur,
1381 4241 1470 4297 titulis

298 4331 462 4399 quibusdem
479 4348 566 4399 nuper
583 4332 696 4401 repertis
715 4331 813 4385 fulciri.
