3102 5000
793 301 1014 362 -32,

314 475 375 556 μέν
405 480 627 561 γεγενημένην,
658 468 743 556 ὅμως
771 474 805 539 δέ
837 468 945 547 αὐτοῖς
976 484 1043 547 τοῖς
1074 480 1315 560 πεπραγμένοις
1343 471 1495 553 ἐπιδείξω

315 579 458 667 φανερὰν
480 571 577 646 οὖσαν
599 577 700 668 αὐτὴν
722 582 776 644 καὶ
796 575 904 668 ἀληθη
929 571 1143 667 intellegenda
1166 584 1238 649 sint.
1292 582 1363 647 Neo
1386 586 1494 648 minus

315 710 389 754 oum
408 690 652 756 Westermanno
675 691 855 771 μαρτυρίαν
877 683 918 751 δι’
942 683 1128 775 ἀπορρήτου
1157 695 1389 776 γεγενημένην
1420 694 1493 755 scri·

304 798 460 880 ‘bendum
483 817 553 862 esse
576 801 672 882 put03
697 798 725 860 si
749 796 837 860 enim
866 798 1006 860 codicem
1027 802 1056 861 Σ
1076 801 1247 879 sequentes
1269 795 1412 880 legimus
1436 847 1492 862 ...
1534 775 1535 788 ἀ

318 909 476 988 γεγενημέ
483 926 573 977 νων,
597 904 652 968 illa
685 895 770 984 ὅμως
798 901 833 965 δὲ
861 895 969 974 αὐτοῖς
991 911 1057 974 τοῖς
1082 907 1324 987 πεπραγμένοις
1342 898 1492 978 ἐπιδείξω

315 1007 460 1094 μανεράν
487 998 584 1074 οὖσαν
611 1003 712 1096 αὐτὴν
733 1009 788 1073 καὶ
802 1001 924 1094 ,ἀληθῆ
959 1010 1054 1094 piano
1083 1010 1220 1075 obscura
1256 1015 1347 1090 sunt,
1390 1029 1492 1095 neque

315 1118 482 1202 perspicio,
514 1136 609 1200 quem
637 1117 677 1181 ad
706 1117 838 1180 modum
869 1115 979 1180 Baiter
1007 1135 1045 1180 ao
1077 1115 1247 1201 Sauppius,
1280 1118 1337 1200 qui
1375 1136 1491 1202 γεγενη-

315 1228 441 1303 μένων
462 1226 497 1286 in
520 1229 646 1288 textum
669 1227 866 1307 receperunt.
890 1223 970 1286 haec
992 1224 1190 1307 interpretati
1213 1226 1286 1288 sint.

405 1331 572 1394 Assentior
588 1333 687 1415 igitur
705 1329 959 1408 Westermanno‚
977 1332 1159 1412 μαρτυρίαν
1177 1349 1246 1394 esse
1264 1331 1491 1412 testimouium,
1535 1309 1536 1346 ³

318 1437 405 1521 quod
428 1438 628 1521 areopagitae
650 1437 768 1501 iudicio
792 1457 850 1501 suo
875 1442 986 1501 contra
1009 1436 1119 1501 Phano
1143 1442 1239 1520 atque
1254 1421 1419 1508 ¹Neaeram
1442 1439 1491 1501 de-

318 1545 438 1625 derant,
462 1564 528 1608 non
555 1545 776 1608 testimouium
803 1544 883 1607 illud
911 1543 1097 1627 Theogenis,
1128 1547 1213 1626 quod
1245 1549 1351 1608 orator
1380 1546 1491 1609 adres

317 1651 549 1715 confirmandas
573 1651 670 1716 affert.
684 1653 706 1732 1)

407 1756 580 1833 Quaeritur
603 1764 717 1839 autem,
749 1759 828 1840 quid
860 1757 922 1821 sibi
954 1758 1054 1821 veiint
1076 1758 1131 1820 iila
1154 1765 1222 1828 τοῖς
1244 1765 1489 1842 πεπραγμένοις.
1536 1733 1537 1804 i

318 1866 593 1946 Westermannus,
620 1870 658 1929 ut
680 1865 829 1945 vidimus,
860 1864 938 1928 haec
962 1869 994 1927 et
1017 1883 1054 1928 ea
1077 1883 1155 1946 esse,
1188 1883 1270 1947 quae
1293 1867 1381 1950 apud
1405 1886 1487 1930 areo-

318 1993 437 2057 pagum
466 1978 497 2036 et
525 1991 607 2055 quae
640 1971 849 2055 aTheogene
882 1971 965 2036 facta
996 1976 1098 2052 erant,
1134 1972 1361 2055 interpretatur
1399 1979 1490 2056 atque

317 2079 435 2142 idcirco
485 2083 658 2162 utrumque
693 2078 872 2162 Theogenis
914 2079 1093 2142 testimonio
1132 2079 1313 2144 confirmari
1349 2086 1490 2163 oportere

318 2191 433 2250 censet.
489 2184 552 2248 Sed
583 2186 640 2248 illa
663 2187 880 2269 interpretatio
906 2186 1038 2248 minimo
1066 2185 1302 2269 comprobanda
1333 2192 1390 2270 est.
1444 2187 1488 2249 ita

319 2293 455 2356 enimsi
486 2292 584 2354 verba
606 2291 814 2375 intelligenda
838 2297 956 2373 essent,
985 2293 1129 2374 primurn·
1147 2312 1214 2356 non
1237 2298 1413 2376 appareret,
1437 2313 1489 2355 cur
1537 2359 1538 2378 η

320 2404 424 2462 orator
447 2399 530 2461 clam
562 2417 599 2462 ac
632 2398 757 2462 silentio
787 2391 840 2483 (δι’
865 2391 1063 2482 ἀπορρήτου)
1094 2399 1133 2462 de
1156 2399 1265 2462 Phano
1296 2398 1486 2482 apudareo·

318 2527 438 2590 pagum
466 2511 574 2569 actum
607 2523 676 2568 esse
705 2507 875 2588 praecipue
907 2511 1188 2587 commemoraret,
1228 2525 1335 2589 neque
1369 2525 1428 2570 our
1459 2510 1488 2569 et

318 2613 400 2677 iliud
424 2604 533 2682 αὐτοῖς
556 2615 633 2693 (τοῖς
655 2617 906 2695 πεπραγμένοις)
937 2618 968 2676 et
997 2617 1057 2692 μέν
1086 2649 1127 2658 -
1152 2604 1237 2692 ὅμως
1260 2612 1297 2674 δέ
1317 2613 1487 2696 particulae

320 2717 427 2782 addita
457 2725 569 2784 essent.
627 2718 709 2783 Tum
741 2721 769 2782 si
802 2719 985 2802 Theogenes
1018 2718 1134 2783 diserte
1165 2720 1200 2783 id
1220 2724 1366 2800 testatus
1400 2725 1485 2798 esset,

321 2826 408 2909 quod
431 2826 536 2890 solum
568 2825 852 2889 demonstrandum
880 2830 954 2906 erat,
983 2827 1179 2909 areopagitas
1211 2825 1321 2890 Phano
1352 2828 1486 2911 peregri·
1538 2813 1539 2824 ¹

294 2921 303 2935 ”
320 2953 396 2996 nam
419 2933 622 3013 iudicavisse,
646 2952 712 2995 non
736 2937 818 2995 esset
842 2934 1062 3016 perspicuum,
1097 2953 1161 3015 qua
1194 2932 1233 2996 de
1264 2952 1361 2996 causa
1390 2939 1488 2996 orator

321 3040 429 3103 omnia
451 3040 514 3121 ilia,
538 3058 620 3122 quae
643 3041 679 3101 in
701 3039 906 3123 paragraphis
931 3040 1062 3102 81-84
1090 3043 1173 3121 sunt,
1197 3045 1263 3102 tam
1286 3045 1434 3103 accurate
1456 3057 1487 3100 ao

321 3152 367 3211 tot
391 3146 498 3211 verbis
521 3151 703 3229 exponeret.

407 3253 481 3318 Mea
510 3255 610 3336 igitur
642 3253 800 3316 sententia
827 3248 867 3313 τὰ
891 3255 1105 3333 πεπραγμένα
1135 3253 1174 3315 de
1197 3271 1234 3316 eo
1259 3257 1386 3316 tantum
1410 3252 1488 3314 dicta

320 3367 405 3442 sunt,
429 3360 517 3444 quod
538 3361 722 3444 Theogenes
753 3377 888 3421 uxorem
921 3359 1085 3422 dimiserat
1108 3379 1144 3421 ac
1167 3358 1371 3422 Phrastorem
1395 3358 1488 3441 depu-

319 3469 406 3549 lerat,
431 3473 463 3531 et
483 3466 640 3548 illa'qe‘qe
664 3461 702 3528 δυ’
725 3465 780 3527 καὶ
802 3468 982 3548 μαρτυρίαν
1000 3458 1214 3549 παράσχωμαι
1233 3459 1310 3544 ὑμῖν
1328 3457 1374 3528 δι’
1395 3457 1487 3545 ἀπορ-

319 3568 416 3659 ρήτων
447 3572 509 3654 μέν
546 3577 768 3657 γεγενημένην,
805 3564 889 3651 ὅμως
930 3571 964 3634 δὲ
1001 3565 1111 3642 αάτωῐς
1150 3579 1216 3641 τοῖς
1254 3575 1488 3654 πεπραγμένοις

320 3677 469 3754 ἐπιδείξω
493 3677 637 3764 φανερὰν
655 3666 752 3742 οὖσαν
775 3671 951 3763 αὐτὴνκαὶ
974 3671 1082 3763 daque
1104 3679 1186 3742 haec
1208 3677 1275 3741 fere
1298 3677 1486 3761 significant:

319 3789 530 3873 Areopagitas
555 3788 593 3851 de
617 3788 741 3870 origine
760 3786 891 3849 Phanus
917 3787 1113 3868 quaesivisse
1137 3803 1271 3868 eamque
1289 3787 1487 3868 peregrinam

319 3896 532 3977 iudicavisseJ
563 3914 636 3957 oum
669 3899 776 3957 autem
810 3895 953 3976 quaestio
977 3893 1033 3955 illa
1060 3893 1183 3956 occulte
1207 3892 1315 3955 habita
1338 3896 1435 3971 esset,
1456 3888 1485 3950 id

319 4023 361 4066 ex
385 4021 421 4066 eo
446 3983 516 4067 esse
539 4000 806 4080 concludendum,
837 4000 924 4082 quod
945 4000 1143 4082 Theogenem
1167 4000 1361 4083 areopagitis
1385 4000 1485 4062 aucto-

320 4110 409 4173 ribus
432 4108 546 4172 fecisse
570 4111 737 4172 constaret.

409 4233 429 4300 ¹)
448 4231 518 4284 Aliis
538 4245 644 4298 quoque
664 4229 789 4283 orationis
806 4229 874 4283 locis
894 4245 947 4283 vox
965 4233 1102 4304 μαρτυρία
1126 4245 1179 4283 non
1202 4228 1388 4283 testimonium
1405 4224 1485 4280 literis

319 4320 506 4390 consignatum
525 4320 665 4389 signifieat,
685 4320 732 4374 ei:
753 4319 786 4386 ἐξ
807 4323 849 4386 63,
869 4323 912 4387 76,
932 4323 976 4381 88,
996 4323 1038 4387 93,
1061 4323 1140 4392 122.Ι
