3102 5000
552 379 590 388 ...
640 342 769 404 11,-

69 537 152 580 nam
175 519 254 584 haec
286 518 392 601 verba,
424 538 506 602 quae
537 520 608 603 ipsa
639 519 692 582 vel
724 519 841 602 quibus
865 520 1026 584 simillima
1049 525 1123 584 ante
1146 523 1254 585 omnia

70 625 260 689 testimonia
295 627 399 709 posita
436 627 624 710 reperimus,
656 627 793 690 usitatae
832 632 957 690 tantum
994 627 1150 693 formulae
1186 630 1254 692 vim

70 731 203 796 habent.

164 837 273 902 Verba
297 845 441 904 extrema
472 839 525 902 καὶ
556 837 711 909 καταθεὶς
742 834 782 902 τὸ
808 831 956 923 α’ργάριον
989 837 1088 926 ᾤχετο
1119 833 1255 922 άπάγων

69 937 224 1029 Ἀθήναζε
260 951 419 1028 Νέαιραν,
451 965 533 1030 quae
562 945 828 1010 Westermannus
860 953 898 1011 ut
929 967 1164 1031 supervacanea
1193 950 1253 1014 im-

69 1052 197 1136 probat,
227 1054 261 1116 in
285 1055 466 1117 testimonio
493 1055 646 1137 inscripta
678 1053 777 1118 fuisse
801 1073 843 1118 ex
867 1054 1087 1137 sequentibus:
1120 1050 1252 1138 „leomo-

70 1177 170 1237 μενος
192 1162 300 1222 τοίνυν
323 1160 417 1243 δεῦρο
441 1156 538 1240 ἔχωνι
562 1165 619 1225 eto.
643 1161 792 1224 concludi
811 1165 923 1244 potest,
948 1181 1030 1243 quae
1055 1181 1118 1245 quo
1143 1163 1254 1228 ordine

70 1265 228 1330 collocata
251 1271 363 1344 essent,
386 1267 438 1330 vir
457 1265 568 1331 doctus
586 1268 741 1351 neglexit3
767 1287 809 1332 ex
832 1287 868 1332 eo
892 1268 979 1331 enim
1002 1287 1073 1332 mea
1096 1271 1253 1334 sententia

72 1377 220 1455 apparet,
247 1374 312 1436 iam
345 1379 439 1438 antea
476 1375 599 1438 dictum
630 1375 744 1455 fuisse,
777 1374 997 1456 Phryni0nem
1025 1395 1099 1440 curn
1128 1374 1253 1440 Neaera

72 1477 228 1542 Corintho
252 1481 435 1544 excessisse.
484 1479 643 1556 Quoniam
671 1487 778 1572 autem
803 1486 908 1545 orator
937 1481 971 1544 id
994 1501 1035 1545 ne
1057 1482 1155 1546 verbo
1180 1484 1252 1565 qui·

73 1583 147 1648 dem
177 1589 258 1665 §32
292 1588 564 1670 commemoravit,
588 1589 606 1669 ἓ
631 1591 672 1652 33
696 1607 762 1651 non
785 1588 830 1652 ita
852 1606 983 1671 pergere
1015 1593 1151 1672 poterat,
1187 1590 1252 1653 nisi

71 1691 199 1756 iudices
222 1693 257 1756 id
280 1713 322 1758 ex
344 1696 524 1760 testimonio
541 1696 675 1760 recitato
700 1696 906 1759 audivissent.

164 1797 258 1874 Quod
280 1802 314 1864 in
338 1803 519 1866 testimoni0
543 1803 668 1874 nomini
697 1802 896 1882 Phrynionis
924 1821 1045 1866 nomen
1067 1801 1173 1866 fratris
1197 1803 1252 1866 ad-

73 1905 179 1968 ditum
204 1912 295 1987 esset,
317 1927 384 1971 non
408 1910 477 1973 iure
496 1908 696 1992 reprehendi,
719 1910 784 1972 iam
804 1928 874 1992 pag.
895 1909 915 1971 6
935 1909 1078 1992 exposui.
1111 1909 1251 1974 Wester-

71 2032 213 2078 mannus
237 2019 342 2078 autem
367 2015 507 2079 dubitari
529 2035 623 2098 posse
651 2019 794 2096 annotat,
827 2035 907 2078 num
938 2033 974 2078 re
996 2034 1074 2080 vera
1105 2015 1250 2097 Phrynio

71 2119 172 2184 frater
203 2119 409 2185 Democharis
439 2122 543 2186 fuerit.
603 2122 701 2206 Apud
730 2121 936 2185 Athenaeum
969 2122 1132 2186 enim-lib.
1165 2121 1251 2186 XIII

72 2247 144 2311 pag.
170 2229 233 2291 oe3
256 2227 378 2292 linter
395 2228 536 2292 Neaerae
560 2234 716 2293 amatores
738 2233 874 2291 vocatur
898 2231 1045 2309 Φρυνίων
1070 2224 1252 2314 Παιανιεύς,

73 2330 108 2406 ὃς
131 2322 171 2418 ἦν
197 2329 352 2419 Δήμωνος
378 2333 439 2415 μὲν
462 2330 536 2414 υἱὸς,
560 2330 770 2420 Δημοχάρους
798 2333 832 2399 δὲ
865 2326 1062 2415 ἀδελφιδοῦς.
1117 2335 1252 2402 Etiamsi

73 2448 160 2506 recte
183 2441 372 2506 Athenaeus
403 2461 478 2506 eum
500 2444 552 2506 ita'
569 2442 803 2526 appellavisset,
835 2447 942 2506 tamen
973 2442 1007 2506 id
1030 2449 1141 2508 contra
1164 2446 1252 2508 testi·

74 2550 176 2612 monii
199 2549 294 2612 fidem
316 2568 383 2612 non
400 2555 607 2633 repugnaret3
632 2550 743 2614 eodem
768 2551 855 2620 enirn
877 2551 947 2614 iure
967 2549 1117 2614 contendi
1139 2555 1251 2634 potest,

74 2657 117 2738 id,
141 2656 229 2738 quod
261 2659 280 2735 ς
305 2658 347 2720 30
369 2656 449 2720 falso
473 2658 628 2740 scripturn
652 2663 731 2738 erat,
760 2658 796 2720 in
825 2657 1044 2720 testimonium
1077 2677 1206 2740 quoque
1233 2677 1253 2722 a

77 2763 182 2826 scriba
200 2769 364 2846 receptum
388 2781 465 2845 esse,
489 2782 553 2846 quo
572 2763 838 2828 Westermannus
856 2763 935 2844 vult,
958 2762 992 2825 id
1011 2781 1053 2827 ex
1072 2765 1252 2828 testimonio

75 2870 277 2953 negligenter
295 2871 469 2952 composIto
492 2872 528 2934 in
547 2872 698 2934 orationis
717 2876 843 2934 textum
860 2871 1032 2953 irrepsisse.
1066 2869 1130 2934 Sed
1152 2871 1253 2935 Athe·

76 2977 150 3038 naei
172 2975 220 3038 illi
242 2975 312 3038 looo
335 2995 401 3038 non
424 2981 512 3040 tanta
535 2979 706 3042 auotoritas
730 2976 899 3040 tribuenda
931 2982 985 3042 est.
1041 2976 1252 3060 Inspioientes

76 3083 164 3146 enirn
196 3082 337 3164 singula,
371 3102 453 3166 quae
484 3083 531 3148 ibi
563 3091 685 3166 narrat,
716 3085 751 3146 in
782 3084 893 3148 multis
925 3083 1123 3148 offendimus.
1178 3083 1253 3149 Iam

74 3189 230 3270 Taylorns
253 3189 295 3252 ad
318 3191 493 3254 orationem
516 3211 586 3275 pag.
613 3194 696 3256 1351
722 3195 789 3257 v.4
813 3193 993 3256 annotavit:
1019 3190 1138 3272 „Paulo
1162 3191 1254 3255 aliter

76 3296 272 3377 Athenaeus,
296 3297 422 3380 partim,
444 3301 481 3360 ut
503 3298 639 3380 videtur,
662 3317 730 3379 suo,
752 3299 867 3381 partim
892 3299 1125 3382 exemplarium
1147 3299 1253 3363 viti0.“

76 3402 183 3486 Ipsius
197 3403 356 3467 Athenaei
379 3404 478 3466 errori
501 3406 570 3468 sine
591 3404 687 3468 dubio
699 3406 763 3468 duo
783 3404 986 3469 attribuenda
1005 3409 1089 3482 sunt,
1112 3408 1253 3488 primurn

77 3507 164 3591 quod
196 3509 348 3592 legimus:
381 3514 544 3595 Νικαρέτη
573 3511 607 3576 δὲ
639 3504 659 3597 ἡ
692 3509 805 3595 ἑταίρα
837 3506 979 3595 ἐρωμένη
1016 3497 1056 3595 ἦν
1086 3506 1253 3592 Στεφάνου
1320 3569 1322 3573 .

76 3618 135 3680 τοῦ
159 3607 298 3699 ῥήτορος.
339 3616 431 3680 Nihil
449 3616 606 3682 eiusmodi
628 3619 664 3682 in
688 3621 830 3682 oratione
848 3619 1033 3682 invenimus
1050 3637 1155 3702 neque
1179 3638 1253 3684 oum

77 3723 214 3804 Tayloro
238 3727 363 3804 Nempe
373 3743 431 3807 pro
440 3728 602 3808 Νικαρέτη
626 3725 832 3794 scribendum
857 3744 925 3790 esse
950 3722 1252 3808 Schweighaeusero

79 3830 143 3911 (cfr.
168 3830 340 3894 Animadv.
363 3832 398 3892 in
429 3829 500 3896 libr.
524 3829 608 3894 XIII
638 3851 707 3916 pag.
732 3831 810 3915 207)
844 3833 1015 3909 assentiam
1048 3852 1125 3894 nam
1157 3832 1252 3917 paulo

76 3940 149 4018 post
181 3935 352 3999 Nioareten
385 3957 404 4000 a
430 3936 554 4000 Neaera
586 3936 930 4022 distinguividemus:
965 3925 1063 4022 ,μῙσαν
1092 3937 1127 4000 δὲ
1159 3919 1254 4000 αὗται

79 4045 131 4123 (so.
151 4043 315 4127 Νικαρέτη
333 4043 386 4104 καὶ
401 4039 602 4124 Μετάνειρα)
619 4043 730 4108 δοῦλαι
741 4048 863 4110 Κασίου
881 4040 967 4124 μετὰ
987 4094 993 4106 .
1010 4093 1058 4110 ...
1082 4047 1253 4128 Νεαίρας“.

77 4149 193 4232 Neque
226 4150 327 4232 magis
358 4155 444 4215 reete
466 4152 535 4234 ipse
567 4149 852 4236 Schweighaeuser
882 4151 980 4215 verba
1010 4151 1168 4215 Athenaei
1201 4152 1254 4215 de-

77 4257 187 4320 fendit.
220 4255 365 4320 Fortasse
386 4257 514 4339 quidem
532 4256 682 4320 Nloarete
700 4259 829 4322 iuvenis
850 4264 1019 4340 quaestum
1037 4259 1253 4324 meretricium

77 4364 166 4445 feeit;
197 4363 253 4426 sed
278 4363 363 4446 qnod
394 4364 446 4426 vir
476 4364 589 4428 doctus
613 4364 704 4427 dicit:
739 4363 877 4445 „Quidni
909 4366 1048 4447 primum
1070 4366 1173 4448 ipsam
1196 4364 1254 4428 Ni-
