3102 5000
372 667 401 732 b.
426 664 475 730 De
498 667 681 730 testimonio
705 687 735 750 p.
761 667 846 730 1356
871 666 890 747 ξ
914 667 965 728 34.

164 811 325 895 Χιωνίδης
353 796 555 887 Ξυπεταιών,
585 800 751 872 Εύθενίων
786 803 1033 892 Κυδαθηναιεὺς
1060 812 1256 890 μαρτυροῦσι

72 916 237 1002 κληθῆναι
267 910 333 980 διιδ
366 919 512 999 Χαβρίου
548 910 606 977 ἐπὶ
630 915 774 996 δεῖπνον,
811 905 866 976 ἴτε
898 909 939 977 τὰ
982 909 1122 977 ἐπινίκια
1154 913 1256 976 είαιία

72 1026 223 1107 Χαβρίας
240 1027 296 1109 τῆς
313 1027 399 1108 νίκης
417 1026 476 1086 τοῦ
496 1015 645 1104 ἅρματος,
668 1021 722 1084 καὶ
748 1019 929 1084 εἱσιιᾶσθαι
948 1015 1005 1082 εἰσὶ
1032 1016 1172 1085 Κωλιάδι
1203 1022 1255 1083 καὶ

74 1127 196 1192 εἰδέναι
217 1134 384 1214 Φρυνίωνα
403 1123 552 1213 παρόντα
576 1123 611 1190 έν
634 1128 754 1212 δείπνῳ
772 1121 875 1212 τούτῳ
899 1123 1012 1205 ἔχοντα
1031 1132 1174 1211 Νέαιραν
1196 1123 1256 1211 τὴν

72 1236 146 1298 νυνὶ
174 1221 410 1321 ἀγωνιζομένην,
442 1237 495 1300 καὶ
531 1231 706 1299 καθεύδειν
737 1237 818 1314 σφᾶς
851 1226 968 1306 αύτούς
1000 1234 1053 1298 καί
1086 1237 1255 1319 Φρυνίωνα

73 1342 129 1404 καὶ
161 1347 307 1427 Νέαιραν
337 1329 391 1405 καὶ
425 1335 641 1407 αἰσθάνεσθαι
672 1334 765 1405 aanor
798 1334 1025 1421 ἀνισταμένους
1056 1345 1113 1426 τῆς
1143 1337 1256 1412 νυκτὸς

75 1445 159 1531 πρδς
177 1454 321 1534 Νέαιραν
331 1445 446 1520 ἄλλους
463 1470 500 1512 τε
523 1450 577 1512 καὶ
595 1453 660 1512 τῶν
674 1443 828 1512 διακύνωυ
841 1444 937 1527 τινας,
962 1445 996 1510 οἳ
1014 1435 1094 1533 ἦσαν
1106 1452 1255 1531 Χαβρίου

77 1553 206 1619 οἰκέται.

170 1661 219 1727 De
242 1673 430 1748 argumento
444 1665 619 1728 testimonii
628 1643 896 1728 Westermannus
913 1661 990 1726 haee
1013 1661 1144 1745 profert:
1165 1661 1257 1742 „Wir

74 1769 195 1834 fiihlen
212 1772 380 1854 unsnicht
392 1772 551 1852 versuoht,
572 1771 681 1834 diesen
691 1767 842 1832 Schmutz
862 1769 945 1832 noch
962 1768 1081 1857 breiter
1090 1789 1132 1833 zu
1141 1776 1255 1852 treten',

74 1876 143 1938 und
168 1876 357 1942 tiberlassen
381 1897 414 1941 es
439 1879 511 1942 dem
533 1876 629 1940 Leser
652 1876 766 1958 selbst,
799 1876 865 1939 sioh
891 1896 933 1938 zu
955 1875 1171 1960 iiberzeugen,
1193 1879 1255 1940 wie

74 1985 181 2067 wenig
214 1982 270 2049 das
292 1984 448 2049 Einzelne
481 1984 583 2048 dieser
605 1988 749 2066 Aussage
782 1983 854 2046 dem
885 1984 1073 2068 entspricht,
1105 2003 1170 2048 was
1200 1984 1257 2047 der

74 2089 204 2154 Redner
227 2092 325 2156 selbst
349 2093 368 2174 ᾗ
393 2094 434 2157 33
459 2092 505 2154 als
529 2091 626 2154 deren
649 2089 757 2153 Inhalt
779 2089 934 2172 angiebt“

167 2197 296 2262 Mallem
320 2198 588 2264 Westermannus
620 2198 715 2261 certis
738 2197 844 2260 verbis
868 2199 1084 2281 expressisset,
1114 2199 1256 2281 quaein

77 2305 213 2367 oratoris
245 2307 426 2369 narratione
464 2325 538 2368 oum
571 2305 752 2368 testimonio
780 2323 925 2388 pugnare
957 2304 1168 2382 existimaret;
1203 2323 1256 2368 me

75 2411 159 2474 nihil
182 2413 340 2476 eiusmodi
362 2413 526 2476 invenisse
548 2412 656 2476 fateor.

166 2519 249 2582 Tum
265 2519 533 2584 Westermannus
556 2519 612 2581 illa
634 2517 688 2580 καὶ
710 2511 884 2580 καθεύδειν
902 2520 984 2598 σφᾶς
1003 2511 1118 2588 αύτούς
1137 2555 1179 2564 -
1202 2515 1257 2580 καὶ

77 2619 295 2688 αἰσθάνεσθαι
313 2625 524 2709 reprehendit,
545 2644 627 2708 quae
645 2625 690 2687 ita
701 2625 904 2708 interpretari
923 2625 1060 2706 videtur,
1079 2631 1116 2689 ut
1128 2624 1257 2688 Chioni-

78 2733 141 2796 den
153 2738 185 2796 et
208 2731 434 2797 Euthetionem
457 2734 565 2796 testari
576 2736 710 2813 censeat,
734 2731 806 2794 illas
828 2750 881 2795 res
905 2729 1098 2795 dormientes
1131 2750 1164 2794 se
1188 2734 1256 2795 ani-

78 2839 296 2902 madvertisse.
352 2839 415 2903 Sed
446 2839 612 2902 falsarium
641 2826 713 2900 non¹
739 2838 832 2901 faoile
865 2839 1037 2921 quisquam
1061 2843 1149 2902 tanta
1176 2838 1256 2901 stul-

77 2946 257 3010 titiafuisse
267 2948 435 3030 putaverit,
449 2952 486 3009 ut
495 2947 573 3008 haee
582 2944 855 3008 absurdissimain
865 2947 1047 3008 testimonio
1057 2944 1255 3008 inscriberet.

78 3054 230 3118 Sohaefer
253 3054 293 3117 ad
316 3074 345 3137 p.
373 3055 458 3118 1356
481 3073 510 3114 v.
535 3054 575 3115 21
598 3056 743 3132 annotat,
770 3071 881 3116 vocem
904 3046 1077 3115 καθεύδειν
1104 3052 1164 3114 hoo
1187 3051 1258 3114 loeo

77 3163 230 3246 primario
258 3159 440 3244 significatu
463 3160 570 3222 valere
594 3157 802 3241 „decumbere
826 3160 944 3241 quietis
969 3178 1077 3241 eausa,
1103 3177 1199 3241 quam
1227 3162 1260 3222 et

77 3270 219 3352 vigilans
243 3287 353 3352 capere
375 3268 505 3351 potest.“
553 3265 642 3341 Quae
664 3266 881 3348 interpretatio
900 3266 996 3328 nimis
1015 3266 1166 3328 arcessita
1189 3281 1259 3328 esse

78 3376 161 3438 mihi
182 3375 319 3441 videtur.
364 3374 504 3443 Facilius
535 3373 636 3438 verba
662 3373 718 3436 illa
749 3374 796 3435 sio
818 3372 957 3456 intelligi
978 3390 1071 3456 posse
1099 3376 1192 3456 putu:
1224 3389 1259 3434 se

79 3482 278 3563 dormivisse,
301 3501 412 3545 somno
423 3486 529 3545 autem
544 3482 699 3544 excitatos
714 3479 937 3542 foedissimum
960 3479 1041 3543 illud
1059 3479 1258 3562 spectavisse.

80 3589 119 3653 Id
142 3590 253 3672 igitur,
283 3607 336 3653 eos
355 3607 469 3653 somno
491 3587 591 3651 fuisse
615 3586 744 3669 solutos,
768 3573 883 3650 orator*
897 3607 962 3670 qua
985 3595 1033 3650 est
1061 3585 1258 3669 negligentia

79 3701 118 3760 ut
141 3713 415 3779 supervacaneum
438 3695 554 3758 omisit.

170 3802 206 3867 Si
237 3803 503 3868 Westermannus
541 3801 583 3864 ad
623 3821 803 3865 sermonem
841 3800 994 3864 orationis
1033 3801 1069 3862 in
1099 3797 1258 3872 Neaeram

80 3911 227 3992 animum
245 3911 444 3989 intendisset,
467 3914 550 3972 oerte
569 3926 634 3970 non
653 3910 700 3972 sio
717 3887 938 3971 iudicavisset:
962 3907 1074 3988 „Auoh
1097 3902 1138 3969 ιὰ
1161 3901 1259 3968 ἐπινί-

81 4037 135 4078 κια
166 4019 224 4100 τῆς
255 4019 342 4099 νίκης
364 4005 423 4078 τοῦ
447 4006 588 4096 ἅρματος
620 4015 662 4078 ist
688 4016 794 4098 einzig
830 4016 865 4078 in
895 4014 1000 4076 seiner
1030 4015 1117 4079 nrtf‘
1168 4012 1261 4076 Tales

81 4126 170 4188 enim
194 4127 342 4205 ambages
372 4128 468 4205 atque
500 4120 672 4185 verborum
696 4120 913 4184 abundantiae
946 4116 1089 4183 omnium
1119 4121 1260 4183 maxime

79 4231 179 4294 huius
203 4230 334 4292 oratoris
357 4229 503 4312 propriae
526 4233 602 4292 sunt
625 4230 730 4311 iisque
753 4228 832 4311 ipsis
846 4245 949 4290 sermo
962 4227 1032 4289 eius
1049 4226 1142 4290 valde
1159 4226 1263 4290 distat

80 4358 99 4400 a
122 4354 233 4420 pressa
241 4332 465 4398 Demosthenis
489 4335 616 4398 dicendi
639 4337 761 4398 ratione
784 4341 816 4399 et
834 4333 1068 4417 comprobatur,
1087 4334 1261 4396 orationem
