3102 5000
585 347 783 406 ..7-

185 518 282 584 Pater
303 519 490 584 Philostrati
512 521 548 583 in
576 521 756 584 testimonio
786 517 964 601 Dionysius
995 523 1142 600 vocatur,
1175 537 1271 602 quem

92 627 227 691 aliunde
245 646 311 690 non
330 628 487 690 novimus.
512 625 694 691 Boeclrhius
713 631 820 690 autem
838 645 880 690 ex
896 626 1105 709 inscriptione
1124 625 1271 708 quadam,

93 735 134 798 de
160 754 225 818 qua
248 734 388 818 disputat
410 735 446 796 in
468 732 566 814 libro,
601 734 656 816 qui
687 732 875 796 inscribitur
904 732 1086 797 Urkunden
1108 731 1191 796 iiber
1214 732 1271 796 das

92 843 230 906 attisohe
254 840 420 906 Seewesen
444 860 472 923 p.
493 842 567 921 391,
591 839 675 903 effici
696 844 796 922 putat,
818 845 903 904 reete
925 840 1007 903 illud
1030 841 1129 923 patris
1152 859 1271 903 nomen

91 968 164 1013 esse
187 929 341 1013 00000οζ
387 945 554 1010 Habemus
576 947 612 1010 in
633 945 688 1008 00
711 946 804 1010 000
828 947 893 1028 (oo.
919 947 950 1010 o.
975 947 1004 1010 J.
1029 948 1068 1009 A.
1092 946 1126 1010 0
1150 948 1214 1011 003
1237 946 1270 1027 f.)

91 1057 226 1120 nomina
245 1057 384 1120 duorum
399 1054 552 1134 virorum,
573 1054 629 1136 qui
648 1053 894 1117 trierarchorum
914 1073 1049 1118 munere
1063 1053 1268 1117 sanctisunt:

90 1165 388 1228 ΔΙΟΝΥΣΙΟΣ..
417 1165 476 1224 An
498 1209 614 1226 .....
643 1164 675 1223 01
696 1161 843 1242 proxime
866 1180 940 1224 eum
965 1162 1274 1224 ΦΙΛΟΣΤΡΑΤΟΣ

91 1323 98 1337 .
121 1274 185 1335 ΟΛ
204 1315 346 1334 ......
366 1269 405 1331 10
424 1269 598 1352 posteriore
615 1267 746 1330 nomine
761 1267 975 1351 supplendum
991 1287 1059 1332 esse
1077 1265 1272 1351 Κολωνῆθεν

94 1377 254 1460 illumque
294 1377 400 1460 ipsum
441 1375 671 1438 Philostratum
713 1379 824 1439 contra
856 1375 1014 1438 Neaeram
1052 1374 1271 1438 testimonium

93 1484 217 1548 dixisse
240 1478 505 1547 Western'rannus
529 1481 683 1546 concedit.
729 1481 843 1564 Neque
866 1484 974 1545 minus
996 1487 1081 1545 recte
1104 1499 1176 1544 mea
1200 1498 1270 1542 sen-

92 1592 195 1658 tentia
217 1591 400 1654 Boeclrhius
424 1589 518 1652 etiam
541 1588 666 1650 nomini
689 1585 847 1670 Dionysii,
873 1588 959 1672 quod
981 1590 1017 1650 in
1041 1587 1134 1651 titulo
1158 1590 1270 1667 exstat,

93 1698 290 1762 demotioum
312 1695 507 1780 Κολωνῆθεν
525 1695 679 1777 ascripsit,
704 1714 778 1757 oum
795 1695 962 1758 001100110
982 1695 1138 1758 demotico
1155 1693 1270 1756 lacuna

92 1805 180 1868 tituli
212 1809 276 1867 tam
310 1807 458 1867 accurate
488 1802 664 1885 expleatur.
716 1801 821 1865 Maior
852 1803 939 1865 enim
971 1807 1018 1866 est
1049 1802 1166 1864 lacuna
1198 1803 1271 1883 post

92 1929 214 1974 nomen
237 1909 395 1990 Dionysii,
420 1928 516 1992 quarn
540 1913 576 1971 ut
599 1909 794 1972 demotioum
814 1901 1005 1978 Πλωθειεύς
1028 1908 1081 1971 rel
1096 1900 1268 1990 Ἂλωπεκῆ·

93 2019 166 2095 θεν,
190 2016 230 2080 de
254 2017 371 2100 quibus
394 2015 661 2080 Westermannus
685 2016 771 2097 dicit,
794 2017 829 2078 in
852 2015 948 2078 titulo
968 2015 1068 2078 fuisse
1091 2015 1198 2097 possit.
1231 2011 1270 2075 Id

92 2129 202 2187 autem
224 2128 310 2188 recte
335 2125 384 2186 vir
407 2122 609 2186 doctissimus
633 2127 757 2203 monet,
788 2122 877 2185 00110
900 2141 1015 2185 renos
1040 2121 1159 2201 doceri,
1189 2120 1270 2182 duos

90 2231 165 2294 11100
175 2231 270 2311 01000,
286 2230 343 2312 001
358 2231 392 2291 10
409 2229 502 2292 111010
516 2236 682 2310 00000100,
697 2230 935 2314 propinquitate
944 2230 1030 2292 inter
1039 2247 1073 2291 00
1083 2229 1270 2290 coniunctos

90 2337 202 2400 101000.
234 2335 305 2412 Qua
328 2336 369 2399 de
391 2355 489 2399 00000
511 2338 644 2400 nomina
662 2336 748 2399 tituli
767 2341 851 2405 certo
870 2341 1060 2420 argumento
1076 2334 1116 2398 ad
1133 2335 1270 2398 auotori-

90 2449 190 2507 tatem
213 2445 387 2508 testimonii
410 2442 563 2506 tuendam
581 2462 649 2507 0000
667 2462 733 2506 000
751 2448 894 2527 possunt.
926 2441 1010 2506 Nam
1029 2441 1115 2526 quod
1131 2440 1270 2504 Wester·

90 2571 232 2614 mannus
256 2551 346 2632 dicit,
367 2542 425 2633 per
447 2555 574 2634 tempus
597 2552 728 2614 omnino
752 2569 819 2613 000
840 2551 939 2614 licere
961 2547 1155 2627 Dionysium
1178 2547 1271 2610 illum

90 2659 279 2722 Philostrati
301 2662 424 2741 patrem
448 2659 642 2731 existimare,
665 2678 733 2721 non
755 2657 863 2741 probo,
887 2675 960 2719 oum
979 2656 1014 2719 10
1033 2656 1270 2738 0000010110ηο

92 2768 163 2829 0100
187 2765 345 2828 00000110
373 2766 505 2828 incertis
531 2766 724 2828 coniecturis
747 2766 899 2827 nitantur.
945 2763 983 2826 Id
1007 2763 1113 2826 solum
1137 2766 1270 2842 constat,

92 2891 177 2935 anno
210 2872 434 2934 trecentesimo
474 2872 704 2955 septuagesimo
742 2875 869 2954 quarte,
909 2868 1073 2933 Socratide
1110 2869 1270 2949 archonte,

89 2979 250 3044 ‘Neaeram
274 2997 348 3042 oum
371 2977 559 3058 Phrynione
582 2983 722 3042 amatore
746 2978 894 3040 convivio
915 2997 934 3038 0
953 2975 1088 3039 Chabria
1101 2974 1271 3058 magnifice
1348 3035 1351 3044 ,

93 3089 275 3169 comparato
293 3084 476 3148 interfuisse
495 3084 562 3168 (cir.
584 3087 602 3164 ξ
622 3083 688 3171 33).
722 3083 792 3160 Quo
810 3081 1017 3148 fundamento
1033 3083 1114 3145 iacto
1129 3083 1270 3166 primum

92 3211 301 3276 quaeramus,
335 3197 492 3274 quantum
522 3193 673 3275 temporis
703 3191 828 3254 intersit
861 3191 867 3204 “
893 3194 942 3252 ter
970 3189 1058 3252 hunc
1088 3209 1210 3253 aunum
1240 3194 1270 3253 et

92 3319 182 3380 eum,
207 3317 269 3382 000
293 3297 416 3361 Neaera
434 3297 584 3362 Nicareta
600 3317 637 3362 ao
656 3297 814 3362 Metanira
833 3295 1005 3361 comitibus
1022 3296 1166 3360 Athenas
1181 3297 1271 3359 venit

91 3406 160 3480 (cfr.
185 3407 204 3486 ξ
230 3406 293 3484 22).
327 3403 518 3488 Spengelius
542 3422 681 3488 eumque
706 3405 762 3486 qui
785 3406 932 3486 sequitur
956 3403 1054 3466 Vater
1076 3403 1144 3486 (cfr.
1168 3401 1270 3466 Jahns

91 3513 218 3577 Archiv
235 3510 288 3574 IX
305 3531 375 3594 pag.
396 3513 460 3574 194
477 3513 557 3594 sqq.)
577 3512 716 3594 spatium
734 3512 847 3595 viginti
865 3511 930 3575 fere
949 3527 1105 3574 annorum
1122 3510 1270 3572 interiec-

91 3628 164 3685 tum
198 3637 266 3682 esse
295 3623 424 3702 putant,
458 3622 489 3681 et
517 3617 614 3682 Vater
648 3617 778 3699 quidem
809 3619 949 3701 primum
985 3623 1134 3699 quattuor
1169 3637 1270 3681 annos
1399 3687 1403 3696 ,

92 3727 252 3793 Neaeram
276 3725 360 3809 apud
379 3725 599 3806 Phrynionem
620 3723 720 3788 fuisse
737 3714 858 3789 censet.
897 3723 959 3787 Sed
982 3743 1025 3788 ex
1047 3729 1113 3788 1010
1136 3725 1271 3787 oratoris

94 3834 313 3917 explicatione
332 3837 469 3916 apparet,
490 3851 570 3914 eam,
589 3850 662 3894 cum
683 3849 793 3914 aspere
812 3835 1009 3911 tractaretur,
1028 3849 1094 3893 non
1109 3832 1155 3893 110
1168 3829 1270 3892 multo

92 3947 288 4026 postquam
316 3941 461 4004 Athenas
495 3959 567 4004 cum
591 3937 779 4021 Phrynione
802 3939 904 4018 venit,
933 3938 1002 4001 eius
1026 3937 1118 4000 dome
1141 3936 1270 4019 fugisse.

92 4051 203 4113 Antea
228 4045 370 4111 Corinthi
392 4046 517 4111 Neaera
539 4045 758 4109 Timanorides
783 4050 814 4108 et
835 4043 988 4107 lineroles
1013 4045 1065 4107 usi
1081 4048 1189 4124 erant,
1213 4043 1271 4126 qui

92 4175 165 4222 eam
191 4155 230 4218 de
251 4153 402 4218 Nicareta
431 4158 591 4232 emerant;
623 4171 735 4216 eornm
764 4170 893 4235 quoque
915 4169 973 4234 per
997 4155 1147 4234 quattuor
1169 4169 1271 4214 annos

90 4263 183 4327 illam
208 4280 332 4325 servam
354 4260 453 4324 101000
471 4259 570 4324 Vater
593 4259 721 4340 conicit,
744 4259 852 4323 nescio
877 4257 998 4340 quade
1017 4276 1121 4322 causa.
1152 4255 1271 4332 Quam-

93 4388 192 4454 quam
223 4367 364 4450 denique
393 4385 434 4430 ex
462 4369 502 4449 ἓξ
531 4369 583 4448 24,
607 4369 659 4448 25,
684 4367 736 4448 26,
760 4367 810 4437 30,
838 4366 901 4429 108
931 4363 1082 4442 efficitur,
1113 4363 1271 4428 Neaeram
