3102 5000
560 329 779 392 „19.„

72 508 146 570 dies
172 507 218 570 ita
245 505 347 568 dividi
375 506 530 588 potuisse,
561 510 597 569 ut
628 525 735 588 neque
763 485 945 591 Stephanus
977 525 1083 590 neque
1110 506 1255 588 Phrynio

70 614 231 678 feminam
253 613 327 696 plus
349 612 500 696 temporis
524 611 609 694 apud
632 630 668 675 se
689 611 829 676 haberet.

168 718 209 783 In
231 737 268 782 eo
292 724 410 799 eutem,
433 718 529 801 quod·
543 718 666 801 aliquid
688 719 775 782 inter
796 719 895 784 rerba
913 721 1062 784 orationis
1081 739 1118 783 ee
1135 720 1256 784 formu-

70 828 127 892 lee
149 828 304 890 interesse
325 825 477 902 vidimus,
500 827 571 889 iure
594 824 713 889 offendi
739 844 806 889 non
829 831 948 910 potest3
979 846 1054 890 nem
1082 832 1256 910 utrumque

71 951 151 996 vere
181 933 222 996 ad
253 933 339 998 idem
367 933 471 996 tendit
497 951 602 1016 neque
624 932 923 1015 pretermittendum
950 933 1044 998 nobis
1074 937 1137 1015 est,
1169 933 1257 1016 qued

71 1059 175 1124 supra
199 1041 343 1124 exposui,
368 1061 386 1103 a
411 1040 555 1104 dieetetis
578 1039 660 1103 nihil
679 1041 757 1104 certi
781 1042 992 1105 constitutum
1014 1040 1120 1104 fuisse.

360 1202 388 1263 8.
433 1197 482 1262 De
504 1200 684 1263 testimonio
707 1219 737 1282 p.
764 1201 847 1264 1361
874 1201 892 1281 ἓ
916 1202 968 1266 48.

160 1319 320 1408 Εὔβουλος
355 1323 580 1409 Προβαλίσιος,
617 1326 801 1409 Διοπείθης
840 1319 1014 1406 Μελιτεύς,
1053 1319 1185 1410 Κτήσων
1221 1318 1256 1386 ἐκ

70 1435 252 1514 Κεραμέων
276 1434 502 1515 μαρτυροῦσιν,
531 1426 644 1516 ἐπειδὴ
678 1428 712 1493 αἱ
742 1430 908 1510 διαλλαγαὶ
942 1426 1084 1511 ἐγένοντο
1113 1429 1147 1495 αι’·
1178 1431 1256 1513 περὶ

71 1540 221 1622 Νεαίρας
250 1541 407 1622 Φρυνίωνι
436 1539 490 1600 καὶ
521 1531 687 1622 Στεφάνῳ,
715 1534 869 1610 πολλάκις
891 1539 1117 1624 συνδειπνῆσαι
1147 1530 1256 1608 αὐτοῖς

69 1644 129 1709 καὶ
152 1627 324 1725 συμπίνειν
350 1641 434 1725 μετὰ
462 1649 606 1728 Νεαίρας
630 1649 687 1730 τῆς
708 1645 778 1708 νυνὶ
808 1639 1047 1730 ἀγωνιζομένης,
1076 1645 1130 1706 καὶ
1153 1637 1255 1707 ὁπότε

71 1748 169 1834 παρὰ
193 1746 346 1836 Στεφάνῳ
371 1749 420 1836 εἴη
443 1756 568 1836 Νέαιρα
591 1752 645 1816 καὶ
669 1745 770 1814 ὁπότε
793 1747 885 1835 παρὰ
911 1755 1076 1833 Φρυνίωνι.

164 1856 214 1922 De
238 1863 425 1944 argumento
444 1860 619 1922 testimonii
637 1858 905 1922 Westenmannus
928 1859 1008 1921 nihil
1030 1857 1250 1942 reprehendit;

71 1965 114 2029 de
143 1965 331 2029 nominibus
362 1966 491 2029 testium
518 1966 597 2029 haee
629 1969 776 2029 annotat:
809 1963 888 2048 „Die
916 1964 1101 2049 gegebenen
1128 1964 1254 2028 Namen

74 2072 151 2136 sind
185 2074 247 2136 wie
279 2072 405 2136 iiberall
435 2074 471 2134 in
503 2071 611 2136 diesen
634 2071 824 2150 Urkunden,
855 2091 905 2134 we
939 2072 996 2136 der
1017 2071 1145 2135 Redner
1169 2071 1254 2134 diese

72 2179 177 2244 selbst
199 2180 288 2242 nieht
307 2178 488 2263 hinzufiigt,
512 2179 594 2242 ohne
617 2178 669 2243 die
687 2178 882 2243 vaterliehen
900 2177 1025 2242 Namen
1044 2178 1253 2263 eufgefiihrt.“

72 2287 120 2349 At
151 2285 420 2350 Westermennus
451 2287 532 2368 ipse,
567 2304 642 2348 eum
675 2285 715 2349 de
746 2287 850 2369 primo
882 2287 1065 2349 testimonio
1100 2287 1253 2350 orationis

70 2398 191 2477 ageret,
212 2393 320 2459 multis
338 2392 446 2456 verbis
466 2393 505 2456 de
523 2394 653 2457 nomine
670 2391 832 2474 Dionysii,
854 2394 952 2476 patris
971 2392 1164 2475 Philostrati,
1188 2393 1254 2456 dis-

71 2499 214 2583 putavit;
251 2498 371 2562 ibidem
402 2505 492 2583 pater
523 2499 640 2581 Lysiae
675 2493 833 2584 Cephalus
865 2503 1013 2579 vocatum
1047 2501 1187 2584 denique
1218 2501 1254 2564 in

71 2611 220 2670 extreme
254 2607 405 2670 orationis
439 2607 620 2670 testimonio
659 2627 717 2671 sex
753 2611 850 2670 testes
892 2606 1093 2690 appellentur
1134 2607 1251 2670 additis

72 2718 202 2798 patrum
225 2712 420 2791 nominibus,
446 2731 528 2795 quae
550 2715 585 2776 in
609 2716 750 2777 oratione
772 2714 841 2796 ipse
863 2731 930 2776 non
952 2715 1162 2796 reperiuntur.

361 2876 390 2937 9.
436 2871 485 2936 De
507 2874 690 2937 testimonio
713 2894 742 2957 p.
769 2874 853 2938 1363
878 2875 897 2955 ξ
920 2876 971 2936 54.

167 2993 322 3081 Φράστωρ
332 2994 485 3076 Αἰγιλιεὺς
500 3005 663 3081 μαρτυρεῖ,
679 2983 793 3082 ἐπειδὴ
808 2993 927 3086 ᾔσθετο
937 2999 1081 3079 Νεαίρας
1089 3001 1252 3081 θυγατέρα

70 3098 265 3190 ἐγγυήσαντα
283 3097 370 3189 αὐτῷ
383 3108 548 3184 Στέφανον
568 3097 609 3176 ὥς
624 3103 742 3168 ἑαυτοῦ
759 3092 856 3168 οὖσαν
873 3107 1044 3187 θυγατέρα,
1058 3099 1253 3191 ’γράψασθαι

71 3204 173 3275 adadu
201 3207 324 3297 γραφὴν
351 3206 435 3295 πρὸς
461 3209 536 3283 τούς
558 3215 764 3292 θεσμοθέτας
791 3207 873 3275 κατὰ
900 3207 957 3274 τὸν
983 3204 1094 3291 νόμον,
1118 3213 1172 3274 καὶ
1193 3209 1253 3298 τὴν

71 3315 250 3401 άνθρωπον
283 3313 430 3400 ἐκβαλεῖν
459 3313 494 3380 έκ
520 3322 577 3404 τῆς
605 3317 723 3382 ἑαυτοῦ
754 3317 855 3390 οἰκίας
883 3319 936 3381 καὶ
965 3310 1070 3380 οὐκέτι
1098 3326 1253 3381 συνοικεῖν

71 3418 164 3512 αὐτῇ,
188 3424 242 3486 καὶ
264 3419 416 3503 λαχόντος
439 3419 527 3510 αὐτῷ
541 3420 708 3511 Στεφάνου
732 3423 777 3498 εἷς
791 3420 926 3491 Ὠιδεῖον
939 3428 1027 3488 σίτου
1041 3419 1252 3488 διαλύσασθαι

71 3527 155 3615 πρὸς
179 3523 280 3593 αὐτὸν
301 3535 473 3612 Στέφανον,
497 3526 576 3596 ὥστε
599 3530 658 3617 τὴν
682 3531 805 3619 γραφὴν
833 3525 1043 3616 ἀναιρεθῆναι
1074 3528 1166 3615 παρὰ
1189 3535 1253 3596 τῶν

68 3640 285 3718 θεσμοθετῶν
307 3639 362 3700 καί
383 3634 442 3724 τὴν
465 3639 554 3725 δίκην
576 3644 635 3703 τοῦ
657 3644 753 3719 σίτου,
782 3635 821 3703 ὃν
844 3636 958 3718 ἔλαχεν
986 3633 1058 3719 ἐμοὶ
1081 3642 1252 3718 Στέφανος.

161 3743 325 3808 Phreston'
348 3747 476 3809 cuidam
501 3745 682 3830 Stephanus
704 3746 817 3810 Phene
839 3753 876 3810 nt
895 3766 986 3811 suam
1004 3745 1102 3809 filiam
1127 3746 1163 3808 in
1185 3766 1252 3808 ma-

71 3852 260 3915 trimonium
280 3852 424 3930 dederet3
445 3872 529 3916 anno
547 3858 655 3918 autem
669 3852 945 3918 exactoPhrastor
960 3873 1030 3917 eam
1050 3852 1143 3915 dome
1160 3853 1252 3916 eiecit

69 3978 178 4042 neque
195 3958 301 4022 dotem
319 3964 479 4043 acceptam
503 3960 652 4027 reddidit.
694 3957 797 4035 Quam
818 3959 857 4022 ob
886 3978 955 4022 rem
978 3979 1052 4022 eum
1071 3945 1251 4043 Stephanus

70 4069 161 4153 δίκην
181 4069 280 4146 σίτου,
305 4086 387 4149 quae
409 4072 550 4149 vocatur,
573 4068 773 4150 instituisset,
797 4087 816 4130 e
837 4065 1008 4129 Phrastore
1034 4067 1176 4130 vicissim
1200 4086 1251 4130 ac-

71 4179 205 4239 cusatus
229 4179 285 4255 est,
310 4174 397 4257 qued
420 4174 482 4238 sibi
505 4174 692 4258 peregrinae
711 4173 810 4238 filiam
825 4179 862 4237 ut
881 4193 971 4238 suam
994 4175 1098 4257 ipsius
1116 4191 1251 4256 spopon-

69 4283 182 4363 disset,
212 4280 324 4344 Phene
358 4282 443 4344 enim
477 4300 546 4345 esse
568 4280 712 4344 Neaerae
744 4279 850 4344 filiam.
901 4281 982 4344 Tum
1007 4277 1188 4364 Stephanus
1219 4285 1250 4343 et

69 4388 277 4453 Phrestorem
310 4389 497 4466 commovit,
529 4393 567 4452 ut
597 4387 686 4452 litem
718 4388 855 4470 tolleret,
888 4391 920 4452 et
950 4389 1019 4472 ipse
1047 4387 1134 4456 idem
1165 4385 1249 4450 feeit.

1050 4492 1092 4557 2*
