3102 5000
759 331 979 422 7-aa-·

284 508 392 592 τρίτον
413 511 509 590 μέρος
532 502 611 570 ἔσται
634 510 693 570 τοῦ
712 499 847 578 ἑλόντος.
871 501 950 580 ἔστω
974 507 1005 570 δί
1023 508 1077 572 καὶ
1100 502 1158 571 ἐὰν
1179 499 1201 593 ἡ
1219 511 1291 593 ξένη
1309 511 1355 593 τῇ
1374 501 1462 593 ἀστῇ

285 615 412 701 συνοικῇ
440 609 523 678 κατὰ
554 607 666 693 ταῦτα’,
697 613 751 677 καὶ
779 605 796 675 ὅ
820 615 971 686 συνοικῶν
997 617 1038 702 τῇ
1061 617 1133 702 ξένῃ
1165 618 1216 703 τῇ.
1229 608 1348 702 ἁλούσῃ
1371 609 1463 697 ὄφει·
1536 655 1537 708 3

284 721 368 794 lara,
387 719 489 800 χιλίας
511 715 662 802 δραχμάς.
1058 781 1060 790 Α
1536 709 1537 734 ’

286 865 290 875 ·
373 829 449 894 Tres
479 834 557 894 sunt
583 829 664 912 legis
687 833 803 913 partes,
836 846 974 911 quarum
1001 830 1105 912 prima
1127 835 1224 914 atque
1248 828 1347 895 altera
1369 847 1461 914 pere-

284 937 370 1020 grini
393 955 430 1000 ao
453 936 636 1020 peregrinae
660 955 735 1000 cum
758 934 884 1000 civibus
908 935 1013 1000 atticis
1034 921 1276 1002 matrimonium
1299 937 1381 1000 inire
1403 954 1461 1000 vo·

284 1048 402 1114 tantur,
462 1040 511 1108 De
542 1044 655 1126 poenis
687 1042 775 1106 haud
808 1041 903 1106 dubie
939 1045 1121 1108 accuratius
1154 1045 1387 1128 scriptumest
1416 1043 1462 1124 id,
1536 1103 1537 1126 ,

286 1150 373 1233 quod
401 1150 436 1214 iu
463 1149 601 1214 formula
628 1150 813 1218 invenimus
836 1143 894 1212 ε’ἀν
917 1147 952 1212 δὲ
980 1141 1054 1235 ἁλῷ,
1082 1145 1268 1234 πεπράσθω
1286 1144 1466 1226 anicularis

284 1255 338 1324 καὶ
361 1249 381 1342 ἡ
409 1249 500 1320 οὐσία
524 1247 625 1318 αὐτοῦ
655 1276 751 1338 quam
784 1256 871 1339 quod
894 1261 999 1321 orator
1022 1259 1041 1336 ξ
1068 1260 1108 1322 17
1128 1259 1207 1324 dicit
1224 1249 1284 1322 κᾶν
1309 1249 1384 1341 ἁλῷ,
1404 1275 1462 1318 ιτε-
1536 1271 1537 1330 l

284 1365 434 1448 πρᾶσθαι
456 1355 588 1426 κελεύει.
634 1361 676 1425 In
697 1361 765 1456 illis·
784 1361 839 1426 καὶ
861 1357 899 1424 τὰ
922 1365 1030 1446 τρίτον
1047 1369 1143 1448 μέρος
1161 1361 1239 1428 ἔστω
1259 1366 1319 1427 τοῦ
1334 1356 1463 1434 ἑλόντος
1536 1337 1537 1432 l

284 1491 387 1553 nemo,
418 1474 574 1554 quantum
603 1451 707 1552 video,
721 1469 873 1534 ‘'oflendit.
934 1471 1099 1537 Acerrime
1129 1478 1235 1538 autam
1263 1472 1313 1548 inj
1332 1473 1461 1536 tertiam

284 1580 364 1663 legis
386 1581 510 1663 partem
532 1577 586 1640 aul
609 1570 626 1639 ὃ
646 1580 796 1655 συνοικῶν
814 1579 854 1664 τῇ
874 1579 946 1664 ξένῃ
968 1581 1009 1663 τῇ
1033 1571 1151 1666 ἁλούσῃ
1179 1573 1334 1661 ὀφειλέτω
1359 1577 1464 1656 χιλίας

284 1678 427 1769 δραχμάς
452 1684 527 1750 Van
561 1684 624 1750 den
647 1683 701 1767 Ea,
736 1683 785 1750 De
811 1685 884 1749 iure
913 1685 1116 1768 familiarum,
1149 1705 1218 1770 pag.
1244 1687 1464 1751 ariarectes

285 1799 341 1876 est,
369 1794 429 1878 qui
451 1793 584 1866 minime
606 1794 688 1856 iuris
717 1811 754 1856 ac
784 1793 926 1866 iustitiae
954 1793 1071 1856 rationi
1101 1794 1275 1874 convenire
1298 1795 1353 1876 ait,
1377 1813 1464 1876 eum,
1536 1865 1537 1870 ρ

286 1903 343 1986 qui
365 1901 533 1966 mulierem
560 1901 758 1983 peregrinam
785 1899 882 1962 huius
915 1899 987 1964 dolo
1022 1905 1054 1963 et
1079 1899 1192 1965 fraude
1220 1903 1464 1966 circumventus

286 2010 441 2090 auxisset,
470 2006 747 2072 muceranus
779 2006 918 2070 mulas.
965 2005 1066 2082 auos
1080 1993 1241 2072 iunicum
1264 2013 1350 2074 certe
1375 2029 1465 2074 eom·

285 2241 360 2288 oum
387 2222 628 2287 matrimonium
649 2223 755 2303 iniret,
786 2221 898 2286 fraude
922 2226 1051 2305 captum
1073 2240 1296 2315 uxoremtncn
1321 2226 1465 2307 peregri·

283 2351 360 2394 nam
387 2329 628 2410 existimavissc,
658 2330 693 2392 in
714 2329 851 2396 formula
882 2347 949 2392 non
979 2329 1152 2394 invenitur.
1205 2329 1265 2392 Vir
1287 2329 1404 2394 doctus
1429 2331 1465 2394 id

285 2457 327 2500 ex
349 2435 457 2500 verbis
489 2429 572 2498 κατὰ
601 2415 706 2498 auita
736 2437 902 2520 collegisse
925 2436 1072 2516 videtur;
1101 2454 1139 2498 ea
1160 2437 1256 2520 enim,
1286 2441 1322 2522 ut
1345 2457 1388 2502 ex
1412 2439 1465 2502 in-

283 2543 516 2628 terpunctione,
547 2533 644 2625 quam
670 2542 799 2606 adhibet
832 2537 923 2624 (ἔστω
948 2539 1066 2620 δὲκαὶ,
1090 2535 1281 2628 ἐάνὴξένη
1304 2545 1351 2628 τῇ
1375 2537 1465 2629 ἀστῷ

284 2652 410 2737 συνοικῇ
441 2643 524 2712 κατὰ
556 2641 683 2732 ταῦτα’),
715 2649 862 2732 efficitur,
894 2649 935 2712 ad
966 2648 1021 2711 illa
1056 2652 1149 2736 τέχνῇ
1181 2643 1202 2734 ἢ
1232 2643 1363 2738 μηχανῇ
1382 2643 1464 2738 ῇτι-

211 2737 214 2742 ’
282 2761 371 2820 νιοῦν
393 2757 554 2841 pertinere
575 2761 682 2840 putat;
708 2757 778 2821 sine
797 2756 894 2821 dubio
914 2762 1021 2820 antem
1040 2757 1265 2840 coniungenda
1283 2765 1361 2821 sunt
1384 2777 1464 2822 cum

283 2864 391 2930 verbis
425 2859 503 2926 ἔστω
528 2863 570 2942 δέ,
603 2868 640 2927 ut
667 2864 732 2928 iam
755 2863 912 2946 Taylorus
935 2863 1003 2946 (cir.
1027 2865 1097 2928 eius
1121 2869 1227 2929 annot.
1251 2864 1292 2927 ad
1315 2885 1346 2948 p:
1373 2863 1464 2930 1350

164 2976 167 2983 “
283 2993 312 3037 v.
337 2970 397 3054 22)Υ
422 2975 507 3035 recte
535 2971 695 3054 cognovit.
749 2969 857 3034 Verba
884 2972 983 3054 igitur
1011 2966 1089 3032 ἔστω
1114 2969 1227 3034 δὲκαὶ
1256 2964 1313 3033 ἐὰν
1340 2962 1362 3055 ἡ
1386 2974 1464 3058 ξένη

283 3081 328 3163 τῇ
352 3071 437 3162 ἀστῇ
460 3080 588 3164 συνοικῇ
610 3073 693 3139 κατὰ
716 3069 821 3139 ’ταῦτοὶ
838 3077 1031 3161 significant,
1054 3079 1224 3142 mulierem
1242 3079 1465 3162 peregrinam,

285 3204 367 3270 quae
396 3185 500 3268 legem
530 3183 720 3268 violavisset,
762 3184 877 3248 iisdem
905 3185 1017 3269 poenis
1045 3187 1148 3250 teneri
1177 3185 1294 3268 quibus
1316 3189 1464 3271 peregri·
1536 3239 1537 3242 ,

283 3313 371 3358 num.
846 3315 850 3318 ·
1536 3283 1537 3288 ἵ

372 3398 435 3464 Sed
461 3402 498 3463 ut
522 3397 621 3461 verba
646 3393 729 3460 κατὰ
752 3390 857 3460 ταῦτα
878 3400 1073 3483 respicerent
1096 3399 1137 3464 ad
1153 3400 1214 3482 ,illa
1236 3403 1330 3486 τέχνῃ
1353 3392 1376 3486 ἢ
1399 3423 1463 3486 μη-
1536 3393 1537 3396 ’

283 3510 364 3594 χανῇ
387 3498 532 3594 ῇτινιοῦν,
556 3523 598 3568 ne
621 3510 690 3569 tum
714 3506 846 3589 quidem
869 3506 912 3587 id,
936 3506 1022 3589 quod
1041 3507 1115 3571 Van
1135 3507 1196 3571 den
1214 3507 1258 3570 Es
1276 3506 1357 3585 vult,
1382 3527 1463 3572 con·
1536 3555 1537 3586 ;

283 3614 370 3710 clpdi
401 3617 515 3697 posset.
575 3611 668 3675 Falso
699 3614 785 3676 enim
812 3617 846 3700 ct
877 3612 931 3676 ille
963 3618 995 3679 et
1025 3615 1261 3696 Thonissenius,
1294 3612 1339 3678 Le
1373 3614 1464 3681 droit
1536 3691 1537 3712 ρ

282 3721 386 3805 penal,
405 3739 476 3803 pag.
496 3721 561 3783 345
580 3718 678 3782 verba
696 3719 753 3782 illa
771 3707 864 3806 τέχνῇ
883 3711 906 3804 ἢ
916 3723 1044 3808 μηχανῇ
1062 3715 1201 3808 ῇτινιοῖιν
1220 3721 1259 3785 de
1279 3740 1316 3784 ea
1330 3725 1463 3788 tantum

284 3826 396 3890 fraude
415 3826 501 3890 dicta
524 3845 593 3890 esse
615 3831 738 3922 putant,
762 3845 843 3911 quae
866 3829 961 3890 uxori
980 3827 1031 3891 vel
1053 3831 1150 3913 κυρίῳ
1173 3829 1242 3892 eius
1260 3828 1349 3892 illata
1371 3837 1460 3910 erat3

284 3954 343 4019 ego
376 3935 479 4017 magis
513 3933 551 3998 de
580 3935 620 3997 iis
649 3934 940 3998 machinationibus
969 3936 1184 4018 cogitaverim,
1219 3936 1336 4019 quibus
1365 3956 1462 4020 pore-

283 4043 369 4126 grini
399 4042 606 4125 magistratus
625 4035 781 4124 decipere
810 4040 997 4124 studebant,
1020 4060 1097 4104 cum·
1118 4061 1152 4106 se
1174 4045 1261 4126 ipsos
1283 4049 1314 4107 et
1336 4044 1460 4110 liberos

285 4152 370 4214 cives
400 4167 470 4214 esse
497 4147 699 4230 simularent,
728 4169 924 4231 quamquam
951 4167 1017 4211 non
1040 4149 1133 4232 plane
1157 4169 1194 4212 ea
1217 4169 1342 4233 sequor,
1372 4172 1460 4234 quae

285 4256 435 4339 Philippi,
464 4253 614 4338 Beitriige,
644 4275 687 4318 nu
714 4256 804 4318 einer
836 4255 1021 4320 Geschicbte
1050 4256 1106 4320 des
1134 4257 1289 4320 attischen
1313 4256 1459 4342 Biirger-

283 4365 408 4445 recbts,
426 4381 496 4446 pag.
527 4364 567 4426 73
582 4421 585 4427 ,
602 4368 748 4426 annotat:
773 4362 1019 4445 .,10n.beziehe
1051 4383 1109 4426 vor
1141 4363 1246 4427 allem.
1269 4363 1320 4428 die
1343 4363 1459 4432 Worte

284 2115 486 2202 probandum
509 2119 576 2194 est3
601 2115 657 2178 sed
678 2113 713 2188 id
734 2116 853 2199 ipsum,
877 2113 964 2196 quod
981 2089 1061 2176 ¹Van
1085 2115 1146 2178 den
1165 2113 1211 2178 Es
1229 2101 1321 2198 dicit,
1345 2117 1464 2198 civem,

1536 3247 1537 3282 l

1536 3299 1537 3342 l

1536 3349 1537 3392 l

1536 3495 1537 3544 l
