3102 5000
736 334 957 396 -24-

257 509 441 592 mtissiglreit
460 508 517 572 der
533 508 722 592 Norderuug
745 509 800 574 des
818 509 971 574 Phrastor
988 529 1031 573 zu
1048 509 1217 590 beweisen‚
1235 511 1306 574 und
1324 511 1435 575 diesen

258 614 383 680 Beweis
414 615 499 678 hatte
524 615 604 679 eben
634 616 739 680 dieser
762 616 861 680 selbst
883 615 1042 700 geliefert,
1073 617 1183 680 indem
1213 636 1248 681 er
1277 616 1340 680 den
1370 617 1439 680 ihm

258 741 324 785 111
343 722 415 785 dem
433 720 584 792 Didteteu
600 727 837 806 angetragenen
854 721 927 805 Eid,
944 723 1027 786 nach
1040 725 1163 788 seinem
1178 723 1290 788 besten
1308 723 1440 788 Wissen

245 830 304 908 ,sei
318 829 375 892 der
387 828 502 893 Knabe
515 849 581 892 von
603 830 672 892 ihm
694 831 730 891 in
743 827 989 913 rechtsgi‘rltiger
1002 829 1072 894 Ehe
1086 831 1146 893 mit
1168 831 1256 896 einer
1276 829 1440 914 Biirgerin

259 941 402 1019 gezeugt,
426 935 583 1000 ablehnte.
629 935 718 999 Kurz
742 936 872 1018 hierauf,
897 937 955 1000 auf
971 938 1023 1000 die
1040 957 1099 1000 vor
1121 937 1193 1000 dem
1212 935 1363 1001 1111113131
1386 957 1439 1021 33-

259 1042 389 1107 fiihrten
404 1042 688 1127 Verhandlungen,
701 1042 784 1105 wird
802 1045 871 1106 sich
889 1043 941 1107 die
960 1043 1227 1127 Zeugenaussage
1238 1033 1439 1110 'namentlich

260 1149 403 1232 bezogen
433 1149 550 1231 haben,
580 1150 665 1214 denn
696 1149 839 1213 dadurch
870 1151 955 1214 ward
987 1155 1052 1214 3131
1074 1151 1160 1234 klar,
1184 1171 1250 1215 1133
1274 1151 1438 1215 1131113331

259 1255 387 1319 werden
411 1257 501 1320 sollte
525 1250 565 1327 ὡς
589 1251 655 1318 ἔστι
674 1260 746 1340 ξένη
770 1260 895 1339 Νέαιρα
914 1249 1004 1342 αὕτη.

346 1361 491 1426 Primum
502 1363 767 1428 Westermannus
789 1363 889 1427 verba
908 1365 983 1446 §55
1003 1369 1080 1448 φέρε
1106 1360 1144 1450 δὴ
1162 1357 1238 1445 ὑμῖν
1254 1363 1308 1426 καὶ
1328 1361 1444 1448 ἑτέραν

260 1469 440 1553 μαρτυρίαν
471 1463 687 1554 παράσχωμαι
718 1473 777 1532 τοῦ
808 1491 844 1533 τε
879 1465 1061 1553 Φράστορος
1092 1471 1146 1532 καὶ
1177 1475 1241 1533 τῶν
1273 1477 1445 1555 φρατέρων

259 1567 358 1638 αὐτοῦ
384 1575 437 1637 καὶ
460 1581 616 1662 γεννητῶν
638 1597 703 1641 111
732 1582 818 1641 13113
840 1578 1081 1662 interpretatum
1107 1598 1188 1662 quae
1212 1598 1278 1642 non
1301 1561 1443 1661 possunt

260 1683 452 1767 significare,
485 1689 640 1748 oratorem
670 1683 878 1764 Brytidarum
909 1686 1127 1750 testimonium
1160 1685 1333 1749 allaturum
1359 1703 1442 1765 esse,

259 1810 300 1853 ex
325 1810 388 1873 quo
412 1796 584 1875 appareret,
608 1791 687 1873 quid
706 1789 857 1854 Phrastor
878 1791 1006 1855 fecisset
1023 1791 1130 1877 („aber
1152 1812 1187 1856 so
1211 1792 1276 1856 viel
1298 1793 1342 1854 ist
1361 1791 1443 1872 lrlar,

259 1897 332 1961 dass
355 1897 423 1960 ihm
445 1899 480 1959 in
503 1898 576 1960 dem
596 1897 769 1978 Zeugnisse
794 1899 864 1962 eine
887 1899 1022 1981 33111333
1040 1897 1130 1963 Rolle
1152 1918 1243 1962 muss
1261 1897 1443 1981 zugetheilt

257 2022 403 2088 gewesen
428 2005 534 2086 sein“),
557 2004 612 2068 sed
635 2005 700 2067 illis
718 2003 826 2068 verbis
844 2004 1061 2088 Apollodorus
1080 2007 1196 2070 diserte
1215 2004 1443 2070 testimonium

259 2118 290 2175 et
318 2111 497 2174 Phrastoris
528 2115 559 2174 et
589 2110 798 2192 Brytidarum
834 2112 1007 2194 pollicetur.
1060 2111 1164 2188 Quam
1193 2111 1232 2175 ob
1269 2131 1339 2174 rem
1368 2113 1446 2174 miri

260 2218 383 2301 aliquid
406 2217 507 2298 habet,
533 2218 620 2299 quod
643 2220 661 2300 ξ
686 2220 726 2282 61
751 2223 908 2302 33113133
930 2219 990 2281 3111
1008 2225 1173 2301 vocantur,
1196 2225 1307 2282 11133
1331 2238 1445 2282 narra-

158 2403 161 2413 ,
259 2330 307 2388 tas
337 2325 519 2388 testimonio
544 2323 745 2407 confirment,
778 2344 885 2408 neque
917 2315 1021 2388 facere
1052 2345 1239 2409 possumus,
1273 2325 1354 2408 quin
1383 2325 1447 2388 hoc

261 2450 389 2515 quoque
425 2431 495 2494 loco
526 2429 710 2514 delfraude
744 2431 882 2514 quadam
912 2432 1100 2515 Apollodori
1136 2434 1331 2516 cogitemus,
1369 2451 1447 2494 cum

260 2539 424 2621 promissis
447 2538 638 2601 testimoniis
662 2544 693 2601 31
715 2537 895 2602 Phrastoris
920 2543 951 2602 31
973 2543 1185 2622 gennetarum
1208 2557 1342 2601 revera
1365 2557 1447 2622 gen·

259 2650 407 2707 netarum
425 2648 552 2708 tantum
571 2646 791 2709 testimonium
810 2645 926 2708 afferat.
974 2643 1037 2708 Sed
1059 2663 1101 2708 ne
1124 2646 1160 2708 11
1179 2664 1289 2708 eorum
1309 2645 1446 2728 quidem

260 2752 442 2814 testimonio
462 2753 570 2815 omnia
588 2753 774 2836 reperimus,
795 2771 876 2834 quae
894 2757 1022 2836 propter
1042 2753 1174 2815 oratoris
1191 2751 1442 2835 explicationem

259 2862 488 2940 exspectamus.
534 2857 649 2942 Neque
668 2861 754 2922 enim
773 2858 927 2940 Brytidac
947 2863 1114 2940 testantur,
1139 2857 1345 2921 Phrastorem
1371 2859 1442 2921 ius-

257 2964 431 3028 iurandum
450 2965 643 3044 deseruisse;
662 2967 822 3049 idipsum
841 2970 949 3029 autem
969 2970 1075 3028 orator
1092 2985 1159 3028 non
1174 2965 1265 3048 parvi
1284 2966 1442 3027 momenti

259 3072 418 3149 aestimat3
437 3092 642 3155 quamquam,
652 3073 694 3155 id,
706 3073 793 3156 quod
811 3072 1153 3136 Westermannusnon
1164 3072 1322 3155 cognovit,
1340 3069 1373 3131 N
1375 3089 1446 3134 eae·
1542 3129 1543 3138 2

222 3175 225 3186 ⁴
259 3198 330 3240 ram
346 3197 415 3242 esse
433 3181 632 3263 peregrinam
647 3181 722 3244 inde
741 3199 806 3243 non
825 3178 1037 3242 confirmatur.
1076 3177 1196 3242 Causae
1213 3178 1307 3258 enim,
1324 3176 1446 3260 quibus
1542 3189 1543 3196 ’

263 3289 439 3364 commotus
459 3284 610 3349 Phrastor
634 3305 704 3349 eam
726 3288 930 3370 peregrinam
953 3285 1152 3366 iudicaverit,
1175 3303 1240 3346 non
1263 3283 1447 3346 afferuntur
1542 3324 1543 3338 1

150 3427 153 3432 ·
259 3411 365 3475 neque
389 3391 429 3454 ob
454 3411 523 3455 eam
545 3411 615 3455 rem
638 3393 707 3455 3113
731 3393 839 3476 opinio
870 3393 944 3476 plus
971 3392 1056 3455 13131
1092 3411 1187 3474 quam
1219 3394 1444 3474 gennetarum.
1542 3405 1543 3416 ¹

177 3569 179 3576 ,
259 3497 333 3562 Non
355 3500 457 3582 igitur
479 3498 588 3582 probo,
613 3499 699 3582 quod
721 3497 925 3581 Lortzingius
947 3519 1017 3582 pag.
1042 3501 1084 3562 46
1109 3499 1149 3562 de
1172 3497 1228 3560 illo
1253 3499 1444 3579 argumento

262 3607 352 3670 dicit:
383 3605 450 3687 „Ita
473 3606 688 3689 Apollodorus
711 3608 907 3691 apertissime
930 3605 991 3670 sibi
1015 3605 1282 3669 demonstravisse
1305 3603 1444 3683 videtur,

259 3714 462 3797 peregrinam
485 3732 553 3777 esse
576 3711 742 3777 Neaeram.
787 3713 885 3778 Recte
909 3713 1040 3796 quidem
1064 3764 1070 3777 .
1095 3761 1101 3775 .
1126 3713 1151 3772 .“

349 3818 572 3883 Nihilominus
597 3825 717 3902 autem,
746 3840 822 3883 cum
845 3825 1002 3883 oratorem
1023 3821 1130 3902 ipsum
1154 3819 1199 3881 ita
1222 3817 1442 3901 argumentari

260 3927 437 4009 videamus,
453 3926 671 4009 quaerendum
688 3933 742 4005 est,
767 3946 825 3989 cur
846 3927 881 3990 id
895 3927 930 3989 11
946 3927 1129 3990 testimonio
1148 3944 1213 3988 non
1232 3925 1441 4008 inscripserit.

260 4031 384 4096 1111111
407 4035 513 4118 ipsum
538 4038 569 4098 et
592 4033 692 4117 quod,
715 4037 872 4117 utsupra
896 4032 980 4114 dixi,
1011 4031 1190 4095 Phrastoris
1218 4032 1439 4094 testimonium

261 4160 328 4204 non
360 4142 482 4222 attulit,
516 4143 633 4224 optime
666 4141 820 4224 explicari
852 4159 944 4223 posse
971 4145 1057 4222 puto.
1110 4137 1187 4202 Sine
1221 4137 1318 4202 dubio
1354 4139 1438 4202 enim

260 4247 421 4329 Phrastor,
452 4267 527 4310 cum
550 4247 670 4329 filium,
700 4266 797 4330 quem
825 4266 866 4310 ex
889 4247 1057 4330 peregrina
1079 4251 1192 4310 natum
1223 4245 1439 4325 existimabat,

262 4356 294 4416 in
320 4336 474 4438 gennetas
498 4355 678 4436 induceret,
706 4353 893 4437 gravissime
920 4353 1007 4436 leges
1036 4352 1226 4431 violaverat3
1256 4353 1344 4435 quod
1371 4354 1439 4436 ipse
