3102 5000
599 342 818 402 ..45-

112 514 294 596 εἰςαγαγεῐν
322 516 357 580 δὲ
388 513 448 580 τδν
478 517 666 596 δοκιμασίαν
697 513 772 585 τοὺς
794 517 1001 596 θεσμοθέτας
1030 511 1075 586 εἰς
1103 510 1139 577 τδ
1168 518 1297 597 πρῶτον

117 619 323 708 δικαστήριον
353 621 434 686 κατὰ
464 618 538 693 τούς
563 616 687 701 νόμους.
718 616 905 707 ἀναγράψαι
932 620 967 684 δὲ
997 617 1035 684 τὸ
1065 617 1223 707 ψήφισμα
1241 618 1297 684 τὸν

15 721 16 762 ³
117 735 313 814 γραμματέα
336 733 392 815 τῆς
413 729 529 813 βουλῆς
552 729 609 791 καὶ
639 733 697 791 τοῦ
721 723 823 813 δήμου
846 727 901 795 καὶ
923 730 1033 812 στῆσαι
1057 721 1091 789 ἕν
1115 720 1296 810 ἀκροπόλει.

155 875 161 888 ·
208 855 290 918 Tum
317 855 373 918 illa
401 861 591 933 κατανεῖμαι
624 853 658 916 δὲ
685 851 759 925 τοδς
789 853 971 922 Πλαταιέας
1000 847 1044 922 εἰς
1072 850 1147 922 τούς
1178 847 1297 937 δήμους

15 1023 16 1032 ,
115 961 174 1022 καὶ
206 958 264 1032 τὰς
292 955 394 1042 φυλάς
422 961 588 1024 offensioni
618 967 702 1040 suut,
731 961 807 1044 qrria
830 980 871 1023 ex
894 960 997 1023 titulis
1031 964 1168 1042 apparet,
1201 960 1296 1044 δημο-

15 1097 16 1100 ¹
115 1064 265 1138 ποιδτοις
288 1067 456 1132 arbitrium
480 1067 589 1131 domos
608 1075 639 1131 et
657 1069 769 1151 phylas
789 1065 928 1150 eligendi
947 1067 1084 1130 Athenis
1101 1067 1296 1151 permissum

15 1237 17 1260 ,
114 1174 227 1240 fuisse.
243 1173 266 1257 1)
290 1173 438 1256 Denique
455 1175 536 1236 nihil
550 1169 725 1238 in'deoreto
737 1173 776 1236 de
794 1173 944 1256 phratriis
956 1178 1160 1257 praeceptum
1171 1173 1296 1236 inveni-

15 1267 16 1310 l
116 1300 201 1362 mus,
226 1281 265 1344 de
289 1281 407 1363 quibus
429 1283 463 1343 in
486 1280 587 1344 titulis
610 1281 706 1362 idem,
731 1281 817 1364 quod
842 1280 882 1342 do
904 1280 1012 1362 phylis
1032 1301 1068 1343 ao
1088 1280 1189 1342 demis
1208 1297 1296 1362 prae-

118 1387 184 1471 cipi
209 1387 296 1450 solet.
307 1386 332 1470 2)

210 1509 411 1595 Quamquam
444 1513 543 1606 igitur
571 1507 710 1574 formula
739 1495 806 1574 non
837 1531 941 1595 pauca
972 1510 1080 1592 habet,
1113 1513 1149 1572 in
1179 1509 1296 1592 quibus

15 1641 26 1709 ζ.
117 1618 327 1701 offendamus,
359 1624 466 1682 tamen
499 1637 569 1682 eam
600 1617 767 1682 afalsario
800 1617 908 1681 fictam
927 1635 996 1680 esse
1018 1619 1211 1701 negaverim.
1257 1615 1297 1679 Id

15 1799 16 1822 ρ
121 1725 251 1806 quidem
283 1725 424 1788 fortasse
448 1724 691 1788 concedendum
715 1731 771 1807 est,
799 1725 966 1788 falsarium
989 1724 1028 1786 de
1050 1725 1124 1803 illis,
1149 1743 1231 1806 quae
1256 1722 1296 1785 ad

15 1823 16 1868 3
120 1831 232 1893 demas
256 1836 288 1893 et
311 1831 425 1913 phylas
448 1837 600 1915 spectant,
623 1831 703 1895 falsa
726 1831 865 1895 scribere
887 1833 1038 1924 potuisse,
1061 1850 1135 1894 oum
1158 1831 1296 1914 antiqui-

119 1941 223 1999 tatum
256 1938 424 2001 atticarum
458 1958 526 2002 non
556 1939 602 2000 ita
632 1940 755 2022 peritus
785 1943 882 2016 esset,
916 1937 1010 2000 valde
1040 1942 1148 2000 autem
1176 1935 1296 2018 dubito,

120 2062 200 2104 num
226 2045 399 2126 quisquam
430 2065 504 2109 eum
532 2051 619 2108 tanta
649 2047 829 2128 ignorantia
851 2044 949 2107 fuisso
973 2045 1142 2126 existimet,
1165 2049 1202 2107 ut
1224 2062 1296 2106 nes-

119 2150 209 2231 ciret,
241 2154 516 2236 praescriptiones,
541 2171 623 2236 quae
654 2156 818 2234 vocantur,
853 2149 1015 2214 addendas
1040 2169 1116 2213 esse.
1181 2149 1296 2234 Neque

120 2255 226 2339 rideo,
251 2278 314 2339 qua
339 2258 377 2321 de
402 2277 498 2322 causa
516 2259 681 2323 falsarium
703 2258 767 2338 illa,
797 2275 879 2340 quae
903 2263 1009 2320 orator
1026 2259 1094 2342 ipse
1112 2258 1148 2320 in
1169 2256 1296 2320 decreto

15 2429 16 2444 ,
118 2364 225 2427 inesse
249 2364 334 2443 dicit,
357 2365 450 2446 plane
469 2367 650 2450 neglexisse
669 2384 866 2446 censeamus,
888 2383 961 2427 oum
981 2369 1011 2426 et
1028 2364 1193 2444 nonnulla,
1214 2383 1307 2446 quae·

121 2474 230 2532 orator
252 2476 289 2533 ut
312 2473 580 2553 argumentationi
606 2472 736 2535 inutilia
755 2491 821 2534 non
840 2472 1111 2550 commemoravit,
1135 2473 1226 2533 ineo
1247 2489 1296 2559 re-

15 2573 16 2590 ³
118 2577 279 2658 periamus
294 2577 391 2640 etilla
409 2572 545 2641 ἐπειδὰν
561 2578 595 2641 δὲ
613 2581 786 2663 νεμηθῶσι,
806 2574 851 2664 μὴ
871 2574 984 2654 ἐξέστω
1006 2575 1054 2640 ἔτι
1064 2571 1219 2662 Ἀθηναίῳ
1238 2597 1295 2661 μη-

15 2741 16 2758 ,
120 2681 186 2743 δενὶ
214 2684 376 2762 γίγνεσθαι
400 2685 598 2764 Πλαταιέων,
634 2682 680 2772 μὴ
710 2677 870 2769 εὑρομένῳ
898 2681 990 2767 παρὰ
1019 2688 1078 2747 τοῦ
1105 2672 1207 2769 δῆμον
1238 2685 1296 2745 τοῦ

118 2780 293 2872 Ἀθηναίων
324 2792 532 2856 hauddubie
561 2793 741 2856 accuratius
764 2781 881 2875 scripta
911 2793 976 2855 sint
1005 2812 1102 2875 quam
1132 2811 1182 2874 ea,
1214 2810 1295 2874 quae

15 2913 16 2924 ¹
120 2894 138 2974 ξ
172 2896 235 2958 106
254 2896 411 2979 legimus:
434 2900 489 2960 καὶ
513 2891 644 2981 ὕστερον
667 2891 724 2960 οδκ
747 2893 786 2982 ἐᾷ
808 2900 971 2977 γίγνεσθαι
990 2891 1155 2983 Ἀθηναῖον
1178 2891 1296 2971 ἐξεῖναι

15 3035 21 3046 ·
120 2994 153 3069 ὀς
177 2993 216 3062 δν
243 2999 289 3086 μὴ
316 3005 374 3064 νῦν
405 3009 532 3088 γένηται
559 3007 611 3066 καὶ
636 3004 817 3091 δοκιμασθῇ
840 3000 875 3066 ἐν
898 3007 943 3088 τῷ
966 2989 1161 3088 δικαστηρίῳ.

207 3125 297 3189 Nihil
313 3129 414 3212 igitur
432 3131 520 3194 aliud
540 3130 748 3194 meoiudicio
767 3130 969 3214 relinquitur,
988 3131 1052 3193 nisi
1072 3134 1109 3192 ut
1126 3128 1297 3192 formulam

119 3233 263 3296 maxime
286 3235 465 3300 mutilatam
485 3257 553 3302 esse
572 3237 760 3300 iudicemus.
796 3235 881 3300 Nam
900 3257 958 3300 our
979 3239 1014 3300 in
1033 3237 1093 3299 hoo
1112 3236 1237 3299 decreto
1258 3234 1296 3298 de

76 3333 80 3341 ’
119 3338 286 3421 phylisao
311 3341 411 3406 demis
434 3362 498 3406 non
522 3343 607 3408 idem
632 3337 785 3407 statutum
812 3345 862 3424 sit,
886 3343 973 3426 quod
998 3345 1033 3407 in
1058 3342 1159 3406 titulis
1178 3343 1295 3424 reperi-

118 3444 440 3527 mus,Buermanuus
450 3457 535 3514 reete
546 3451 709 3534 explicare
725 3451 805 3514 milri
816 3449 951 3531 videtur,
976 3451 1073 3534 quiin
1087 3449 1296 3514 Fleckeisenii

120 3550 224 3616 annal.
256 3551 307 3616 IX
338 3577 408 3640 pag.
439 3557 502 3622 607
537 3559 615 3622 haec
641 3563 772 3622 annotat
801 3555 868 3639 „Ob
903 3557 986 3620 auch
1018 3557 1070 3620 bei
1098 3555 1296 3620 Messenauf-
1361 3575 1364 3581 ·

119 3658 257 3752 nahmen
281 3662 333 3726 die
353 3663 450 3727 Wahl
474 3663 530 3728 der
553 3665 718 3730 einzelnen
737 3663 992 3748 Korporationen
1011 3665 1045 3726 in
1066 3663 1122 3726 das
1141 3662 1296 3726 Belieben

124 3764 179 3826 der
210 3766 512 3851 Aufgenommenen
539 3771 676 3856 gestellt,
710 3771 787 3837 oder
815 3769 855 3834 ob
884 3771 920 3832 in
949 3769 1067 3834 diesem
1101 3767 1189 3832 Falla
1217 3769 1295 3831 viel-

121 3871 213 3933 mehr
236 3873 308 3937 eine
332 3875 545 3962 Vortheilung
567 3897 631 3942 von
655 3877 874 3961 Staatswegen
897 3895 1144 3960 vergenommen
1175 3875 1296 3956 wurde,

124 3978 262 4044 dariiber
283 3981 361 4045 lissi
385 3984 461 4066 sich,
486 3985 526 4047 da
550 3985 605 4048 der
628 3984 681 4048 bei
704 3985 754 4048 Ps.
778 3982 869 4048 Dem.
892 4005 922 4069 g.
946 3983 1069 4048 Neaera
1097 3985 1115 4064 ξ
1141 3984 1205 4046 104
1229 3983 1295 4046 ein-

120 4085 246 4169 gelegte
278 4087 452 4153 Bosohluss
479 4091 585 4155 niehts
619 4092 755 4155 sioheres
785 4090 948 4155 beweisen
982 4091 1086 4172 kann,
1125 4109 1193 4151 nur
1224 4089 1295 4151 eine

192 4281 213 4350 ²)
236 4283 288 4337 cn.
307 4283 471 4352 Buermann,
489 4285 668 4339 Fleckeisenii
687 4285 774 4340 annal.
795 4283 882 4353 suppl.
901 4283 944 4337 lX
963 4287 1023 4338 606.

192 4369 213 4439 ⁹)
232 4370 335 4426 ibidem
354 4390 414 4444 pag.
434 4378 494 4428 604.
