3102 5000
781 339 1030 402 ..3θ...

310 517 424 600 studet,
455 517 651 602 Stephanum
676 520 827 600 quattuor
848 516 921 580 illos
943 515 1062 582 liberos
1084 535 1127 581 ex
1149 515 1273 580 Neaera
1295 517 1479 601 suscepisse,

308 644 375 688 non
397 644 439 688 ex
461 643 565 689 uxore
582 623 725 707 lemtima
743 623 809 708 (cir.
829 623 848 704 ξ
870 625 943 706 119,
966 607 1049 707 seq.)
1093 622 1220 700 Falsam
1238 641 1308 688 esse
1324 623 1479 688 Voemehi

311 733 528 797 coniecturam
552 722 602 792 ὅτι
625 723 682 792 οὐκ
706 724 741 792 ἐκ
772 724 939 811 Στεφάνου
968 725 1031 792 εἰσί
1060 731 1154 794 etiam
1179 749 1221 816 ex
1244 732 1295 813 iis,
1325 747 1409 814 quae
1438 750 1480 794 se·

311 843 455 922 quantur
476 837 530 900 καὶ
553 835 584 901 εἰ
604 835 666 917 μὲν
687 828 874 916 ὁμολογοῖεν
896 830 931 898 ἐκ
959 830 1127 918 Στεφάνου
1152 827 1236 900 εἶναι
1264 836 1319 901 καὶ
1342 839 1480 920 Νεαίρας

309 939 441 1016 τοτ’τονς
463 940 538 1016 τούς
556 944 686 1023 παῖδας,
708 945 904 1026 πεπρᾶσθαι
922 943 1068 1028 Νέαιραν
1086 949 1152 1026 etc,
1170 945 1358 1029 intellegere
1376 947 1480 1030 possis,

310 1053 400 1117 unde
422 1056 520 1137 patet,
544 1071 580 1116 eo
615 1052 748 1116 oonsilio
775 1051 1010 1135 Apollodorum
1034 1049 1230 1136 Stephanum
1252 1053 1480 1136 provocavissa,

174 1151 181 1162 '
310 1165 346 1224 ut
369 1179 479 1224 servae
502 1163 703 1240 tentarentur,
725 1158 798 1221 illos
817 1157 967 1240 Stephani
987 1162 1019 1222 et
1040 1157 1181 1224 Neaerae
1205 1177 1274 1224 esse
1295 1159 1424 1226 liberos.

327 1297 332 1310 ·
378 1265 417 1330 In
425 1267 607 1330 testim0nio
616 1267 697 1328 nihil
706 1268 742 1329 in
752 1269 808 1347 eet,
825 1265 912 1347 quod
922 1269 1033 1328 contra
1043 1267 1112 1330 eiua
1123 1269 1344 1332 auctoritatem
1353 1267 1480 1352 proferri

194 1383 199 1390 '
310 1373 418 1457 possit,
448 1391 486 1436 ac
508 1373 798 1438 Westermannuue
821 1375 889 1457 ipse
913 1391 983 1457 pag.
1009 1375 1073 1437 112
1096 1373 1130 1436 id
1159 1379 1243 1438 recte
1267 1376 1478 1458 conscriptum

311 1499 380 1546 esse
394 1481 546 1546 concedit.
570 1481 623 1545 Ex
641 1481 824 1546 testimonio
842 1481 909 1544 solo
935 1480 1162 1565 intellegimua,
1190 1481 1349 1565 proclesin
1365 1483 1402 1545 in
1418 1481 1480 1554 foro

310 1589 426 1652 factam
456 1607 541 1671 esse,
573 1589 607 1652 id
641 1588 726 1671 quod
764 1592 848 1652 certe
876 1586 1028 1652 credibile
1056 1587 1191 1654 ridetur.
1239 1587 1300 1652 Gir.
1323 1586 1480 1652 Demosth.

310 1695 429 1760 XXIX
453 1697 472 1778 ξ
499 1697 539 1760 12
562 1688 644 1758 ἀλλὰ
673 1692 738 1781 μὴν
761 1687 819 1773 οὐχ
842 1681 888 1766 εἷς
912 1687 986 1758 οὐδὲ
1009 1689 1066 1757 δύο
1088 1695 1180 1760 ταῦτ’
1204 1692 1306 1758 ἴσασιν
1328 1688 1399 1759 οὐδ’
1421 1691 1481 1759 ὑπὸ

309 1796 417 1892 μάληςΙ
427 1795 448 1888 ἡ
459 1797 632 1887 πρόκλησις
642 1806 774 1883 γέγονεν,
787 1795 856 1865 ἀλλ’
869 1796 904 1864 ἐν
914 1805 954 1890 τῇ
963 1794 1062 1884 ἀγορᾶ
1071 1805 1151 1888 paup
1164 1801 1293 1865 πολλῶν
1306 1799 1481 1887 παρόντων.

400 1909 481 1975 Oum
520 1911 703 1975 testimonio
738 1911 898 1974 artissime
940 1910 1092 1994 proclesis
1124 1912 1193 1993 ipsa
1225 1912 1399 1976 coniuncta
1435 1916 1478 1975 est

310 2018 484 2102 Perperam
513 2018 553 2082 de
586 2037 624 2082 ea
652 2015 783 2098 Heffter,
818 2017 870 2080 die
899 2017 1102 2106 athenaisehe
1139 2016 1481 2102 Gerichtsverfassung‚

310 2145 380 2209 pag.
405 2127 469 2188 317
499 2126 545 2188 sio
569 2125 728 2208 disputat:
753 2123 1005 2207 „Gameinighoh
1027 2123 1206 2206 geschahen
1232 2123 1284 2188 die
1316 2124 1482 2190 Aufforde

284 2312 286 2318 Ι
311 2251 437 2315 rungen
461 2231 648 2313 schriftlich,
671 2231 827 2294 auweilen
846 2230 922 2293 aber
945 2231 1028 2294 auch
1048 2230 1215 2294 miindlioh
1237 2232 1271 2295 in
1297 2231 1483 2316 Gegenwart

302 2357 376 2402 ron
400 2338 537 2422 Zeugen.
582 2337 664 2401 Eine
687 2329 863 2402 schriftlich
897 2336 1093 2401 verabiasste
1115 2338 1244 2402 werden
1271 2340 1333 2402 wir
1362 2341 1398 2402 in
1427 2340 1482 2402 den

312 2428 460 2528 Aulagen
484 2463 542 2508 aus
566 2445 622 2508 der
644 2443 732 2508 Reda
755 2445 856 2508 wider
882 2443 1004 2508 Neaera
1027 2443 1205 2528 bedegene
1251 2445 1400 2509 Primum
1421 2463 1481 2510 non

313 2553 376 2616 duo
395 2552 472 2616 talia
494 2569 613 2636 genera
635 2552 788 2636 proclesis
812 2551 949 2615 discerni
972 2556 1121 2636 possunt,
1145 2549 1211 2634 scd,
1234 2553 1321 2635 quod
1351 2553 1480 2632 videam,

313 2678 367 2722 eae
386 2660 450 2722 nisi
481 2678 588 2722 coram
617 2659 754 2722 testibus
785 2677 851 2721 non
879 2657 1007 2722 fiebant
1031 2658 1235 2742 Plerumque,
1262 2658 1297 2722 id
1330 2661 1417 2743 quod
1439 2659 1480 2722 rei

311 2772 445 2830 naturae
481 2765 670 2849 respondet,
705 2767 906 2830 condiciones
933 2767 1084 2850 proclesis
1116 2770 1188 2829 tum
1224 2766 1356 2830 demum
1387 2765 1481 2830 literis

313 2872 556 2951 mandabantur,
579 2874 607 2936 si
629 2875 666 2955 ia,
695 2875 751 2956 qui
773 2879 964 2958 provocatus
988 2878 1064 2954 erat,
1087 2893 1158 2937 eam
1182 2855 1364 2957 acceperat3
1388 2876 1481 2938 inter·

313 2981 391 3044 dum
415 2981 544 3064 quidem
572 2987 782 3064 provocantes
806 2979 1016 3044 vcondiciones
1038 2981 1103 3043 iam
1127 2986 1221 3044 antea
1247 2981 1484 3064 consignavisse

313 3093 436 3152 constat
459 3087 525 3171 (cir.
544 3087 644 3151 Meier
665 3108 697 3150 u.
721 3087 931 3169 Schoemann,
952 3088 1008 3151 der
1027 3092 1080 3150 att.
1105 3086 1240 3151 Process
1262 3107 1292 3172 p.
1318 3087 1409 3171 680);
1433 3085 1483 3150 sed

313 3214 354 3258 ne
372 3192 416 3258 'id
441 3194 571 3277 quidem
593 3196 628 3258 in
657 3195 747 3258 illam
768 3194 939 3274 formulam
964 3195 1116 3277 quadrat3
1150 3213 1227 3258 nam
1248 3199 1286 3258 ut
1309 3211 1351 3258 ex
1373 3197 1481 3277 imper-

314 3301 399 3364 fecto
423 3296 545 3386 ἤθελον
576 3306 672 3384 atque
696 3303 844 3385 optativis
867 3302 932 3365 illis
956 3293 1140 3381 ὁμολογοῖεν
1162 3305 1194 3364 et
1222 3300 1417 3387 βλαβείησαν
1437 3319 1480 3364 sa-

321 3409 440 3492 quitur‚
465 3427 545 3491 quae
567 3407 690 3472 Heffter
707 3429 777 3492 pag.
800 3412 866 3472 474
889 3409 984 3492 plane
1007 3407 1225 3492 praetermisit,
1244 3413 1350 3472 orator
1368 3426 1436 3472 eam
1451 3407 1481 3468 in

315 3516 467 3596 anachel,
492 3519 529 3578 ut
560 3517 595 3580 in
635 3517 786 3580 echinum
814 3517 892 3579 inici
926 3521 1048 3601 posset,
1083 3513 1286 3598 conscripsit,
1320 3501 1485 3599 postquam

316 3620 499 3706 Stephanus
522 3641 563 3686 ne
587 3639 695 3686 servas
713 3623 853 3687 traderet
870 3625 1038 3687 recusavit.
1084 3621 1239 3686 Praesens
1259 3622 1389 3705 quidem
1407 3620 1481 3685 illud

315 3728 535 3812 προκαλεῖται,
561 3731 646 3813 quod
665 3730 732 3796 cod.
751 3735 780 3794 Σ
795 3729 933 3814 praebet,
952 3729 1127 3794 tenendum
1146 3748 1214 3794 esse
1237 3735 1323 3813 puto.
1356 3730 1481 3794 Initium

314 3839 413 3921 igitur
441 3837 597 3900 formulae
629 3842 734 3902 orator
762 3839 808 3902 ita
838 3839 1029 3922 composuit,
1057 3842 1093 3902 ut
1124 3856 1195 3900 mea
1225 3839 1383 3902 sententia
1410 3837 1481 3900 tales

316 3946 479 4028 pactiones
509 3945 577 4008 sive
610 3949 685 4008 aute
714 3946 974 4028 provocationem
1002 3946 1069 4008 sive
1103 3945 1330 4029 provocatione
1362 3946 1481 4027 accepta

317 4053 467 4136 componi
486 4050 639 4116 solebant.
684 4051 898 4136 Neglegenter
917 4055 1025 4115 autem
1044 4051 1104 4114 sub
1124 4051 1222 4115 finem
1245 4051 1401 4116 formulae
1422 4067 1481 4113 non

318 4160 422 4222 solum
446 4179 464 4222 a
486 4160 581 4222 tertia
598 4178 734 4242 persona
753 4160 793 4222 ad
812 4161 949 4243 primam
964 4160 1078 4223 transit
1098 4159 1165 4239 (cfr.
1186 4178 1232 4241 ca,
1252 4177 1335 4242 quae
1353 4159 1480 4242 legimus

316 4269 352 4328 in
374 4267 556 4330 testimonio
582 4267 600 4347 ξ
625 4269 686 4330 54;
711 4259 750 4351 ἣν
773 4262 886 4344 ἔλαχεν
904 4261 977 4346 ἐμοὶ
995 4264 1179 4349 Στέφανος),
1202 4265 1258 4330 sed
1277 4284 1320 4329 ne
1337 4280 1479 4350 praesens

319 4373 447 4455 quidem
466 4378 591 4456 tempus
609 4375 733 4439 retinet.
772 4373 855 4438 (lave
874 4379 982 4437 autem
1000 4373 1132 4454 iudices,
1150 4372 1234 4435 hanc
1252 4373 1478 4458 neglegentiam
