3102 5000
550 328 772 390 ..29-

66 507 156 570 auch
190 507 247 570 der
279 503 477 572 Schlusssatz
505 509 670 585 Στέφανον
697 503 732 568 δὲ
754 508 909 586 παρέχειν
937 499 1035 567 Φανώ
1065 497 1251 590 Ἐπαινέτῳ,

66 606 199 676 ὁπόταν
231 607 374 699 ἐπιδημῇ
404 612 458 674 καὶ
480 606 635 696 βοόληται
667 619 807 675 σονεῐναι
835 604 916 697 αὐτῇ
948 631 1029 694 ganz
1063 611 1121 675 auf
1141 613 1254 696 eigene

68 720 254 804 Rechnung
275 739 408 784 unseres
430 719 620 782 Verfassers.
666 717 732 784 Das
755 719 882 782 Erotere
904 718 970 781 ihm
999 717 1070 782 aufs
1093 718 1187 783 Wort
1209 739 1252 782 zu
1294 733 1297 746 ·

67 827 212 910 glauben
244 803 420 909 berechtigt
448 827 499 890 die
528 845 629 910 ganze
652 824 858 909 Darstellung
886 825 942 890 des
969 823 1114 889 Redners
1146 827 1252 907 nicht;

69 935 130 998 das
149 933 294 998 Iretztere
312 935 472 1017 hingegen
495 934 622 996 verrath
641 953 726 996 zwar
745 935 816 996 eine
834 930 1003 1014 lebendige
1020 931 1254 1015 Einbildungs-

68 1041 170 1122 kraft,
202 1041 311 1103 macht
343 1039 419 1103 aber
450 1040 514 1104 den
543 1040 728 1104 Euaenetus
759 1059 802 1102 zu
835 1040 940 1102 einem
972 1058 1104 1122 grossen
1135 1038 1255 1123 lepel,

68 1167 169 1211 wenn
193 1165 229 1210 er
250 1148 339 1210 nicht
363 1147 481 1229 einsah,
505 1147 577 1210 dass
600 1152 696 1211 unter
726 1147 855 1211 sclchen
879 1145 1082 1209 Umstiinden
1105 1147 1158 1210 die
1181 1166 1254 1209 ror-

68 1255 267 1338 gespiegelte
291 1248 409 1324 ἔκδοσις
440 1253 496 1317 der
523 1253 635 1317 Phano
665 1273 729 1316 nur
756 1255 826 1316 eine
861 1243 1074 1316 Sch'windelei
1102 1252 1157 1316 des
1186 1249 1255 1315 Ste-

70 1361 200 1444 phanus
219 1381 295 1442 war,
319 1361 372 1424 die
395 1380 430 1424 er
446 1360 637 1443 gleichwohl
659 1361 719 1424 mit
740 1361 826 1424 1000
844 1357 1026 1422 Drachmen
1044 1359 1255 1422 honorierte.“

72 1468 224 1532 Primum
246 1468 328 1531 illud
350 1460 505 1537 πολλάκις
528 1468 661 1530 minime
684 1466 723 1530 ab
746 1466 935 1548 Apollodori
964 1467 1176 1550 explicatione
1198 1464 1255 1528 ab·

73 1575 206 1640 horrere
229 1575 308 1638 mihi
335 1575 471 1638 videtur.
519 1572 635 1636 Confer
667 1591 741 1636 cum
768 1591 818 1654 ea,
852 1591 933 1655 quae
957 1575 976 1652 ξ
1001 1574 1043 1636 64
1071 1577 1162 1636 sunt:
1201 1573 1255 1634 καὶ

71 1676 293 1762 καταγόμενον
315 1676 406 1763 παρὰ
429 1674 553 1750 τούτοις
576 1672 679 1742 ὁπότε
702 1672 1097 1764 intemperamentum
1121 1675 1173 1742 διὰ
1196 1675 1258 1765 τὴν

73 1787 187 1869 φιλίαν
218 1783 277 1873 τὴν
307 1791 465 1869 Νεαίρας,
501 1793 571 1850 tum
602 1789 773 1871 praecipue
811 1805 893 1870 quae
925 1790 1105 1870 sequuntur
1137 1785 1170 1871 (ξ
1200 1789 1256 1866 67)

74 1889 273 1979 ἀνηλωκέναι
298 1914 335 1956 τε
358 1891 464 1957 πολλὰ
495 1891 540 1964 εἰς
564 1886 677 1964 αὐτάς
707 1943 714 1957 .
739 1946 745 1960 ,
770 1942 776 1955 .
801 1943 807 1956 .
836 1887 936 1972 νόμον
958 1886 1192 1974 παρεχόμενος,
1222 1887 1257 1964 ὁς

73 1995 132 2064 οὐκ
163 1996 207 2084 ,ἐᾷ
234 1996 291 2063 ἐπὶ
320 1995 461 2071 ταόταις
480 1997 595 2081 μοιχὸν
623 2000 747 2082 λαβεῖν,
766 1991 884 2062 ὁπόσαι
908 1991 947 2062 ἀν
970 1992 1025 2060 ἐπ’
1053 1993 1259 2085 ἐργαστηρίου

72 2099 282 2194 καθωνταιῆ
305 2103 339 2170 ἐν
361 2111 401 2196 τῇ
425 2101 522 2191 ἀγορᾷ
540 2107 670 2170 πωλῶσι
688 2128 719 2169 τι
738 2098 1030 2187 ἀποπεφασμένως,
1054 2100 1260 2191 ἐργαστήριον

73 2209 207 2294 φάσκων
228 2215 282 2276 καὶ
304 2217 400 2278 τοῦτο
424 2205 515 2294 εἶναι,
539 2210 600 2300 τὴν
621 2207 788 2294 Στεφάνου
812 2209 923 2277 οἰκίαν.

167 2337 275 2403 Etiam
312 2339 471 2403 infirmius
510 2340 647 2403 alterum
682 2338 764 2401 illud
795 2335 1033 2401 Westermanni
1064 2343 1119 2404 est.
1177 2337 1258 2402 Cum

74 2465 184 2530 neque
213 2445 366 2509 Phrastor
394 2446 500 2510 dotem
528 2450 690 2529 acceptam
713 2443 906 2508 reddidisset
943 2463 1050 2528 neque
1074 2443 1259 2528 Stephanus

79 2554 188 2617 denuo
213 2553 319 2617 dotem
342 2554 484 2617 conferre
511 2561 630 2636 posset,
658 2571 724 2615 non
746 2551 841 2614 facile
863 2550 934 2614 fieri
957 2555 1094 2633 poterat,
1122 2556 1159 2615 ut
1183 2552 1263 2614 civis

76 2661 287 2724 Atheniensis
314 2659 425 2723 Phano
455 2662 492 2723 in
518 2660 760 2723 matrimonium
789 2659 926 2722 duceret.
971 2657 1052 2720 Tum
1080 2657 1263 2742 Epaenetus

78 2767 169 2830 mille
203 2766 368 2830 drachmas
402 2767 431 2830 ei
462 2786 520 2851 pro
553 2766 626 2830 dote
656 2785 689 2830 se
717 2765 868 2829 daturum
896 2783 965 2828 esse
993 2764 1079 2847 apud
1108 2765 1263 2828 diaetetas

78 2873 244 2956 pellicitus
275 2878 323 2937 est
351 2893 388 2937 ea
411 2874 612 2954 condicione,
645 2877 681 2936 ut
711 2872 772 2934 sibi
795 2872 922 2955 liceret,
953 2872 1101 2954 quotiens
1123 2872 1263 2935 Athenis

79 2986 182 3058 esset,
214 3000 251 3044 ea
274 2982 330 3043 uti.
379 2978 463 3055 Quid
485 2981 546 3042 hoc
570 2981 686 3043 clarius
710 2980 779 3042 est?
825 2978 912 3041 lllud
947 2979 1078 3060 quidem
1109 2982 1174 3041 tam
1203 2979 1260 3042 diu

78 3088 187 3151 solum
215 3086 286 3151 fieri
313 3089 465 3171 potuisse,
499 3107 595 3170 quam
623 3086 733 3150 Phano
766 3104 863 3168 penes
893 3085 1089 3169 Stephanum
1121 3085 1260 3159 necdum

23 3257 26 3266 ,
78 3200 183 3280 nupta
206 3199 298 3279 esset,
321 3198 415 3277 patet.
460 3192 573 3276 Neque
598 3213 640 3258 ex
663 3195 729 3257 ulla
744 3211 779 3256 re
799 3192 948 3256 concludi
970 3196 1083 3276 potest,
1105 3193 1170 3254 iam
1189 3196 1260 3254 tum

83 3302 123 3366 de
149 3306 234 3364 certo
257 3303 372 3378 marito
396 3303 570 3384 cogitatum
594 3319 671 3366 esse.

172 3425 416 3490 Consideremus
441 3431 562 3508 autem,
596 3425 755 3509 quomodo
784 3443 835 3488 res
863 3443 897 3488 se
923 3422 1039 3486 habeat
1069 3423 1195 3485 omissis
1229 3427 1261 3485 et

77 3535 134 3597 illo
168 3527 323 3604 πολλάκις
356 3538 387 3598 et
419 3534 570 3596 extremis
602 3531 709 3596 verbis
741 3533 906 3614 pactionis.
956 3531 1038 3593 Tum
1067 3528 1262 3612 Epaenetus,

81 3659 195 3724 quem,
225 3661 420 3724 quamquam
449 3659 542 3723 saepe
573 3645 638 3703 tota
661 3638 782 3702 familia
805 3637 959 3722 Stephani
989 3637 1027 3700 ab
1057 3655 1094 3699 eo
1124 3635 1261 3718 praedas

78 3747 208 3827 fecerat,
231 3747 352 3810 iniuria
375 3748 548 3810 coercitum
572 3765 641 3809 esse
665 3746 857 3827 audirimus,
881 3752 999 3808 temere
1018 3762 1056 3806 ac
1074 3741 1164 3805 nullo
1184 3760 1260 3804 con-

79 3855 152 3918 silio
181 3854 383 3936 aliquantum
410 3871 620 3915 nummorum
650 3851 762 3915 Phano
797 3850 943 3914 dedisset.
996 3848 1047 3912 lta
1074 3850 1100 3912 si
1132 3849 1262 3912 fecisset

78 3965 164 4025 certe
187 3960 289 4023 multo
313 3961 413 4043 magis
438 3959 554 4022 stultus
579 3978 615 4023 ac
638 3959 773 4022 stolidus
796 3957 955 4020 nominari
977 3960 1090 4039 posset.

168 4083 370 4168 Lortzingius
403 4089 580 4148 extremam
617 4088 738 4168 partem
776 4079 952 4160 διαλλαγῶν
990 4081 1084 4164 plane
1116 4079 1261 4164 neglexit

79 4211 188 4276 neque
212 4191 252 4261 cb
282 4210 364 4288 eam
381 4209 449 4253 rem
478 4192 507 4254 ei
538 4191 686 4254 assentiri
713 4207 858 4272 possum,
888 4188 974 4272 quod
1002 4208 1072 4271 pag.
1096 4189 1139 4250 47
1165 4187 1259 4250 dicit:

78 4300 221 4391 „Arbitri
246 4296 284 4360 ab
309 4298 355 4360 eis
374 4297 465 4360 electi
484 4316 521 4360 ea
540 4297 720 4360 conditione
744 4314 797 4360 ecs
821 4296 1001 4376 conciliant,
1024 4300 1062 4358 ut
1078 4293 1261 4378 Epaonetus
