3102 5000
553 337 772 400 -35..

65 509 182 596 ἑτέρας
199 507 343 592 γυναικὸς
354 505 457 598 ἀστῆς,
478 505 677 594 ἀφίστασθαι
695 516 753 577 τοῦ
772 507 888 593 ἀγῶνος
898 509 1019 600 ἤθελον
1027 518 1086 579 τοῦ
1094 519 1246 600 Νεαίρας,

64 619 124 680 καὶ
150 615 185 682 εἴ
206 641 238 681 τι
261 614 296 680 ἐκ
322 622 386 682 τῶν
409 613 556 703 βασάνων
574 620 798 706 βλαφθείησαν
822 619 855 684 αἱ
880 617 1056 705 ἀνδρωποι,
1082 617 1248 687 ἀποτίνειν

65 717 85 787 ὅ
110 749 143 790 τι
165 725 368 811 βλαβείησαν
533 735 542 794 ζ
625 769 627 776 ι
895 783 897 786 .

159 833 199 896 In
223 835 329 917 priore
353 834 505 898 orationis
528 840 617 918 parte
640 834 869 918 Apollodorus
885 837 1169 922 hoopotissimum
1193 839 1246 903 de·

64 945 250 1010 monstrare
285 941 425 1023 studuit,
455 940 613 1006 Neaeram
641 961 709 1006 esse
736 945 951 1026 peregrinam,
982 950 1077 1028 atque
1104 947 1245 1029 profecto

64 1050 100 1113 id
132 1049 402 1112 demonstravisse
429 1050 508 1112 mihi
531 1049 668 1131 videtur,
698 1069 895 1133 quamquam
918 1070 984 1113 non
1013 1054 1129 1134 omnia,
1163 1073 1247 1137 quae

65 1156 170 1232 affert,
194 1162 381 1238 argumenta
402 1155 496 1220 firma
519 1175 555 1220 ac
578 1156 672 1240 plana
695 1168 780 1222 sunt.
827 1156 890 1221 Sed
913 1163 949 1222 ut
967 1157 1090 1222 Neaera
1113 1163 1245 1225 convin-

66 1268 197 1327 ceretur
229 1265 319 1347 ,ξένη
352 1248 429 1326 οάσα
453 1255 539 1348 ἀστῷ
556 1267 741 1340 συνοικεῐνιί,
765 1283 839 1328 eum
858 1265 892 1327 id
912 1283 1017 1348 quoqa
1037 1266 1242 1349 comprobare

64 1389 199 1434 necasse
222 1374 299 1452 erat,
323 1367 521 1453 Stephanum
544 1373 665 1434 Neaera
688 1390 745 1454 pro
768 1371 910 1454 legitima
933 1391 1036 1436 uxore
1059 1374 1113 1438 uti.
1157 1372 1245 1449 Quae

66 1483 177 1541 essent
207 1478 277 1541 veri
309 1479 505 1541 matrimonii
537 1479 643 1561 signa,
683 1483 788 1542 orator
818 1479 887 1561 ipse
926 1479 944 1559 ξ
982 1481 1044 1544 122
1077 1483 1244 1563 exposuit:

66 1580 105 1646 τὸ
132 1579 193 1666 γὰρ
221 1593 376 1648 συνοικεῖν
403 1576 500 1647 τοῦτ’
528 1580 620 1664 ἔστιν,
654 1578 687 1656 ὃς
715 1578 755 1648 ἀν
787 1585 1021 1670 παιδοποιῆται
1050 1586 1105 1649 καὶ
1141 1583 1245 1674 εἰςάγη

67 1688 115 1761 εἴς
138 1711 176 1754 τε
198 1688 272 1762 τούς
294 1685 455 1776 φράτερας
477 1691 532 1753 καὶ
555 1685 696 1776 δημότας
718 1686 793 1762 τούς
812 1688 899 1773 υἱεῖς,
921 1689 1050 1763 καὶτὰς
1068 1695 1245 1776 θυγατέρας

66 1793 185 1884 ἐκδιδῷ
214 1791 255 1870 ὥς
282 1791 382 1862 αὑτοῦ
409 1793 504 1874 οάσας
532 1805 598 1869 τοῖς
633 1791 790 1882 ἀνδράσιν.
846 1797 916 1882 Ego
948 1819 1024 1863 vero
1056 1819 1253 1882 persuasum,

66 1905 184 1988 habac,
207 1905 405 1990 Stephanum
428 1925 494 1968 nou
517 1906 621 1970 solum
644 1905 756 1970 Phario
779 1911 817 1970 ut
839 1891 932 1970 suam
955 1905 1054 1970 filiam
1078 1906 1240 1971 Phrastori

67 2019 167 2097 atque
194 2013 355 2096 Theogeni
386 2013 604 2097 spopondisse,
637 2012 693 2078 sed
721 2015 826 2094 etiam,
857 2013 894 2076 id
924 2014 1009 2096 quod
1041 2012 1244 2098 Lortaingius

66 2141 142 2206 pag.
167 2123 209 2185 45
233 2122 266 2198 in
291 2119 428 2184 dubium
450 2139 567 2184 vocare
589 2120 726 2201 videtur,
749 2124 813 2184 tres
831 2120 914 2203 iilos,
938 2120 1116 2204 dequibus
1141 2127 1246 2185 orator

67 2231 86 2312 ἓ
115 2230 176 2292 121
204 2228 290 2310 dicit,
313 2232 350 2292 ut
371 2227 456 2292 iiiios
480 2246 555 2292 suos
573 2228 606 2290 in
626 2227 792 2312 phratoras
809 2228 985 2292 induxisse.
1031 2227 1115 2292 Nam
1135 2249 1245 2311 quam-

69 2355 170 2419 quam
206 2335 267 2398 hoo
302 2335 439 2399 alterum
464 2335 679 2419 Apollodorus
713 2336 903 2400 testimoniis
934 2354 1000 2398 non
1028 2335 1240 2418 ¹confirmavit,

68 2448 180 2506 tamen
219 2443 289 2506 sine
320 2442 387 2506 ulia
419 2442 618 2506 dubitatione
651 2462 711 2506 nos
750 2441 857 2506 verbis
890 2443 959 2506 eius
992 2442 1120 2506 credere
1152 2461 1248 2526 posse

70 2554 172 2633 puto;
198 2549 225 2612 si
248 2550 334 2613 enim
357 2548 538 2634 Stephanus
560 2548 644 2614 filios
667 2569 733 2614 non
752 2550 934 2630 induxerat,
958 2553 1041 2612 certe
1063 2549 1146 2612 nihii
1166 2551 1244 2614 faoi-

67 2657 133 2720 h’us
158 2657 188 2719 ei
206 2659 282 2737 erat,
303 2677 400 2739 quam
419 2658 539 2721 crimen
559 2659 693 2722 oratoris
711 2656 863 2722 refellere.
909 2654 1033 2739 Neque,
1052 2661 1089 2720 ut
1107 2644 1243 2736 ridetur,

67 2764 103 2826 id
133 2763 273 2845 negavit,
304 2764 359 2827 sed
388 2767 495 2849 potius
518 2783 552 2828 se
575 2766 620 2828 ita
643 2784 702 2829 suo
725 2766 796 2829 iure
815 2764 931 2828 fecisse
952 2763 1169 2828 demonstrare
1193 2783 1245 2828 oo-

68 2875 169 2934 natus
193 2875 248 2934 est
293 2869 339 2934 Ut
361 2872 448 2936 enim
471 2891 513 2936 er
536 2874 554 2954 ς
580 2875 643 2936 119
676 2893 722 2955 sq.
746 2875 883 2956 apparet,
912 2869 1091 2954 Stephanus
1115 2877 1243 2936 conten·

68 2977 125 3057 dit,
150 2995 184 3040 sc
206 2974 362 3044 Neaeram
386 2985 421 3043 ut
444 2979 659 3043 concubinam
682 2998 793 3043 secum
815 2978 939 3060 habere,
963 2985 1115 3062 quattuor
1137 2985 1243 3042 autem

66 3085 142 3148 iilos
165 3082 284 3147 liberos
307 3089 373 3148 non
397 3105 439 3150 ex
463 3105 507 3169 ca,
526 3087 582 3152 sed
606 3089 746 3170 epriore
768 3104 872 3150 uxore
891 3087 1034 3169 legitima
1052 3103 1120 3148 esse
1143 3091 1242 3149 natos.

158 3191 380 3275 Apollodorus
410 3194 697 3278 comprenderat,
725 3191 921 3277 Stephanum
951 3192 1013 3256 hcc
1037 3192 1243 3258 defensurum

67 3317 146 3377 esse,
178 3317 236 3386 per
257 3299 425 3382 proclesin,
451 3320 532 3383 quae
555 3307 695 3382 vocatur,
719 3319 793 3364 eum
815 3307 1052 3384 provocaverat,
1067 3305 1112 3364 ut
1135 3321 1243 3365 servas

66 3405 220 3488 Neaerae,
249 3424 332 3490 quae
356 3406 590 3472 deliberarunt
614 3409 737 3492 origine
759 3409 887 3490 scirent,
918 3409 1085 3472 tormentis
1108 3410 1243 3472 interro·

65 3514 191 3599 gandas
215 3513 281 3577 sibi.
299 3514 444 3578 traderet.
499 3512 592 3597 Quod
616 3534 690 3578 cum
714 3513 893 3600 Stephanus
911 3517 1134 3598 recusavisset,
1158 3522 1242 3580 certo

67 3629 258 3706 argumento
283 3641 319 3686 ac
343 3622 524 3686 testimonio
549 3620 736 3686 destitutum
760 3642 794 3687 se
819 3641 888 3687 esse
912 3628 1017 3687 orator
1036 3623 1125 3704 dicit3
1159 3623 1243 3687 iudi·

66 3729 162 3794 cibus
190 3734 297 3794 autem
327 3729 521 3812 persuadere
551 3729 666 3810 studet,
696 3747 738 3793 ex
768 3749 805 3794 eo
837 3732 916 3814 ipso,
947 3730 1033 3814 quod
1064 3729 1243 3814 Stephanus

66 3857 177 3904 servas
197 3836 349 3900 exhibere
367 3837 516 3917 noluerit,
535 3855 696 3920 apparere,
720 3855 847 3900 oausam
867 3839 936 3901 eius
954 3839 1069 3901 iustam
1089 3857 1242 3904 noncsse.

157 3942 281 4019 Quibus
295 3945 448 4026 expositis
466 3944 531 4006 iam
539 3943 692 4006 formulas
710 3945 796 4026 ipsas
816 3949 847 4008 et
862 3945 1034 4008 testimonii
1046 3951 1077 4008 et
1091 3946 1242 4029 proclesis

66 4052 254 4116 accuratius·
281 4051 526 4134 perpendamus.
586 4048 650 4114 Pro
687 4050 796 4114 verbis
836 4052 986 4134 prociesis
1026 4048 1083 4122 τὰς
1124 4049 1243 4123 εἰδυίας

67 4153 204 4241 ἀκριβῶς
230 4156 308 4240 περὶ
330 4160 394 4220 τῶν
416 4156 629 4221 παίδωυτῶν
660 4160 802 4240 Νεαίρας
834 4151 884 4220 ὅτι
908 4153 943 4220 ἐκ
979 4153 1146 4239 Στεφάνου
1174 4156 1242 4238 εἰσί,

67 4286 150 4351 quae
169 4264 295 4328 codices
314 4265 476 4349 praebent,
500 4285 574 4330 oum
592 4265 721 4329 Baitero
740 4267 851 4349 scripsi
876 4315 906 4331 ..
926 4318 933 4332 .
951 4266 1030 4350 περὶ
1038 4268 1102 4328 τῶν
1117 4266 1243 4328 παίδων

64 4379 129 4440 τῶν
150 4367 319 4452 Στεφάνου
343 4364 393 4435 ὅτι
412 4367 446 4435 ἐκ
464 4377 608 4457 Νεαίρας
632 4369 699 4436 είσί.
733 4371 848 4436 Orator
867 4374 952 4436 enim
971 4374 1004 4438 id
1028 4374 1243 4438 demonstrare
1262 4413 1267 4424 ·

1045 4477 1083 4532 3*
