3102 5000
751 281 972 344 ‚42-

273 458 450 528 Aeschines
473 459 508 520 in
532 456 683 521 Oratione
705 459 739 520 in
767 457 970 522 Timarchum
998 477 1028 540 p.
1053 459 1096 521 26
1130 459 1148 538 ξ
1175 460 1236 522 183
1263 459 1302 522 de
1339 461 1471 542 poenis

274 562 492 629 adulterarum
520 562 654 638 disserit,
684 563 861 646 quidquam
888 565 1046 628 eiusmodi
1064 565 1252 628 invenitur.
1298 565 1396 647 Nam,
1425 573 1473 628 ut

275 689 373 752 supra
402 670 484 750 dixi,
504 660 650 734 'formula
677 671 734 734 illa
765 691 839 754 pars
866 673 947 756 legis
981 653 1093 736 estet
1124 671 1228 736 scriba
1257 691 1295 736 ea
1326 678 1468 736 tantum

278 779 391 840 recitat
397 795 517 859 quae
546 776 587 839 ad
615 775 746 841 Phanus
776 777 891 842 delicta
919 780 1088 862 pertinent.
1067 778 1186 842 tEa
1217 779 1336 862 igitur,
1373 800 1468 862 quae
1534 787 1535 804 ¹

274 883 444 946 Aeschinis
468 885 567 946 olatio
591 882 698 948 habet:
727 880 785 969 rip
807 882 866 967 γὰρ
889 893 1029 964 γυναῖκα,
1042 878 1105 964 ἐφ’
1129 867 1214 972 §aa
1235 879 1304 978 oitqi
1332 879 1464 964 μοιχός
1534 933 1535 956 ,

275 983 332 1060 ον’,κ
349 985 394 1072 aqi
412 991 603 1069 κοσμεῖσθαι
626 1041 632 1050 .
653 1039 659 1052 .
684 1042 690 1055 .
715 986 772 1054 ἐὰν
795 991 830 1054 δὲ
848 995 1011 1076 κοσμῆται,
1043 988 1098 1054 τὸν
1126 985 1298 1069 ἐντυχόντα
1327 987 1465 1054 κελεύει
1534 977 1535 1052 l

257 1090 528 1180 ’καταρρηγνύναι
556 1093 598 1160 τὰ
622 1092 738 1180 Ιἱμάτια
761 1099 815 1160 καὶ
838 1096 895 1160 τὸν
917 1093 1035 1178 κόσμον
1058 1093 1270 1186 ἀφαιρεῖσθαι
1292 1099 1349 1160 καὶ
1374 1092 1464 1160 vrin-
1534 1143 1535 1182 χ

190 1273 191 1276 ¹
275 1225 346 1268 ιειν,
367 1197 550 1285 εἰργόμενον
573 1197 719 1267 θανάτου
742 1206 796 1268 καὶ
825 1209 887 1267 τοῦ
916 1198 1084 1290 ἀνάπηρον
1115 1207 1255 1290 ποιῆσαι,
1282 1207 1320 1271 in
1347 1211 1462 1288 poste-
1534 1205 1535 1290 l

278 1313 364 1374 riore
386 1312 467 1394 legis
484 1318 581 1394 parte
603 1311 702 1375 fuisse
725 1310 868 1394 pdssunt.
923 1345 925 1354 ν
1055 1347 1060 1356 ν
1463 1380 1466 1386 ,
1534 1321 1535 1406 χ

361 1419 542 1484 Aeschines
565 1419 788 1502 indiligentius
806 1437 934 1502 poenas,
959 1418 1077 1502 quibus
1096 1421 1268 1502 propositis
1288 1419 1461 1482 adulterae

276 1545 310 1588 se
343 1544 498 1590 exornare
527 1525 709 1610 atquibus
741 1528 775 1590 in
803 1545 894 1590 sacra
911 1526 1058 1608 ,publica
1089 1525 1216 1608 ingredi
1249 1525 1462 1606 vetabantur,
1534 1525 1535 1612 l

275 1632 461 1702 ,confudisse
492 1632 629 1712 videtur,
662 1652 735 1695 cum
774 1633 814 1696 de
846 1638 984 1715 utroque
1014 1632 1100 1695 idem
1132 1631 1259 1716 legibus
1293 1632 1456 1696 statutum

277 1759 346 1804 esse
369 1740 471 1806 dicat:
496 1735 553 1800 ἐὰν
576 1738 611 1802 δὲ
630 1735 707 1824 εἰςίχ
731 1732 752 1822 ἢ
776 1740 940 1823 κοσμῆται,
962 1735 1020 1800 τὸν
1042 1732 1214 1816 ἐντυχόντα
1243 1734 1425 1802 κελεύει..
1449 1787 1455 1798 .

1534 1827 1535 1870 l

277 1841 458 1931 εἰργόμενον
486 1839 633 1928 θανάτου
665 1845 718 1906 καὶ
751 1848 809 1908 τοῦ
842 1838 1008 1929 ἄναπηρον
1030 1841 1181 1931 ξποιῆσαι.
1233 1845 1457 1929 Apollodoms
1534 1889 1535 1900 ι

276 1955 362 2021 enim
387 1953 564 2018 adulteram
597 1955 632 2016 in
661 1954 758 2016 sacris
785 1952 923 2036 publicis
952 1952 1182 2035 deprehensam
1200 1953 1315 2035 quavis
1338 1971 1456 2035 poena,

276 2061 388 2128 mortis
421 2061 488 2122 sola
516 2065 656 2142 excepta,
685 2061 815 2124 multari
837 2078 930 2143 posse
959 2059 1043 2121 dicit
1059 2064 1091 2122 et
1112 2059 1146 2122 id
1170 2058 1221 2122 bis
1243 2064 1310 2122 tam
1335 2059 1457 2122 diserte

277 2166 416 2230 affirmat
445 2162 514 2246 (ἐὰν
544 2160 700 2236 δἐἰςίασι
724 2217 730 2230 .
751 2165 976 2250 ...νηποινεὶ
1005 2160 1141 2243 πάσχειν
1161 2158 1236 2228 ’ὑπὸ
1259 2166 1327 2226 τοῦ·
1341 2164 1453 2246 βουλο-

276 2279 374 2352 μενοι
399 2265 416 2334 ὅ
446 2297 478 2334 τι
508 2265 546 2334 iio
568 2291 675 2358 πασχχ
702 2269 788 2358 πλὴν
814 2265 1025 2336 θανατοαι
994 2280 1025 2336 et
1052 2274 1174 2356 paulo
1176 2278 1248 2355 posi
1235 2268 1324 2334 tud
1354 2274 1453 2332 τοῦτο

278 2373 318 2441 d'
346 2375 499 2464 ἐποίησεν
527 2373 543 2441 ὁ
568 2372 672 2458 νιμος,
696 2373 782 2463 πλὴν
806 2371 962 2456 dovorae,
986 2373 1087 2441 ταλλα
1115 2373 1327 2462 ὑβρισθεῖσαν
1352 2371 1455 2462 αὐτὴν

276 2487 429 2570 μηδαμοῖ
450 2486 562 2568 λαβειν
586 2484 781 2569 <linquunt
808 2492 892 2549 certe
918 2487 954 2548 in
981 2485 1089 2549 verbis
1121 2485 1296 2572 formulae:
1328 2478 1451 2548 sdvd'

277 2591 372 2683 εἶςίχ
390 2594 535 2680 νχποινεὶ
569 2597 718 2670 πασχέτω
753 2585 824 2655 ότι
865 2585 904 2653 ἀν
937 2585 1044 2678 πόσχχ
1074 2587 1161 2676 πλὴν
1197 2585 1346 2653 θανάτου
1384 2606 1450 2654 ιιοιι

278 2698 505 2764 offendendum
528 2718 633 2784 neque
655 2700 737 2763 illud
761 2700 932 2763 Aeschinis
961 2699 1014 2760 καὶ
1041 2701 1100 2760 τοῦ
1129 2690 1297 2811 οἰνόπηρον
1319 2700 1449 2760 ποιόσαι

264 2807 591 2924 desiderandumt
549 2809 598 2871 sit.

366 2913 474 2976 Restat
461 2919 547 2994 tut
535 2915 610 2977 tde
634 2901 759 2977 conieci
762 2934 817 2976 ura
842 2913 951 2997 disput
952 2931 1016 2994 ern,
1048 2933 1112 2994 qua
1130 2911 1205 2975 Van
1230 2911 1291 2974 den
1315 2911 1359 2974 Εε
1377 2933 1446 2995 pag.

279 3023 320 3084 37
345 3040 390 3103 sq.
416 3021 636 3086 auctoritatem
658 3021 739 3104 legis
762 3018 938 3084 labefacere
962 3019 1080 3098 studet3
1104 3017 1275 3082 formulam
1297 3019 1447 3102 ipsamet

214 3189 215 3192 ,
279 3127 412 3189 oratoris
437 3127 682 3211 explicationem
708 3127 746 3208 ἐξ
768 3117 818 3208 85,
854 3127 911 3208 86,’
939 3129 979 3189 87
1005 3147 1023 3188 a
1046 3125 1338 3207 rhetore'quodam
1360 3124 1447 3188 fictas

239 3298 246 3310 ,
279 3239 310 3297 ct
334 3235 477 3296 orationi
492 3235 626 3296 insertas
650 3252 719 3320 esse
743 3235 930 3318 suspicatur.
978 3231 1110 3297 Nullam
1129 3233 1216 3294 enim
1234 3233 1354 3315 reperit
1376 3251 1444 3294 cau-

279 3359 356 3422 sam,
381 3358 439 3402 cur
461 3339 677 3423 Apollodorus
699 3339 753 3403 illa
776 3341 967 3422 exposuerit.
1014 3337 1082 3423 Ego
1107 3343 1264 3404 oratorem
1287 3338 1444 3422 aptissime

278 3449 380 3530 legem
405 3446 548 3509 attulisse
570 3453 657 3531 puto,
682 3466 745 3530 quo
768 3447 871 3530 magis
890 3452 1063 3530 appareret,
1088 3451 1283 3530 quantopere
1306 3444 1442 3508 aPhano

280 3552 546 3636 etaStephano‚
578 3573 641 3635 quo
675 3558 803 3616 auctore
832 3553 938 3615 omnia
965 3551 1049 3616 facta
1081 3557 1180 3633 erant,
1209 3557 1283 3615 cont
1284 3572 1320 3614 ra
1270 3552 1387 3616 tias
1409 3572 1442 3614 ac

278 3664 329 3724 ius
357 3666 469 3730 actum
500 3666 589 3726 esset.
568 3661 751 3724 tPhano
784 3661 870 3724 enim
899 3665 967 3724 orat
969 3680 1004 3740 or
954 3659 1138 3722 teodenr
1166 3658 1293 3722 locoet
1279 3661 1441 3722 tnumem

283 3767 380 3830 habet
367 3773 486 3830 tcum
527 3767 754 3830 mulieribus'
746 3787 780 3830 ιιι
813 3765 901 3834 adult
888 3768 968 3829 terio
977 3765 1211 3850 deprehensis
1235 3765 1384 3849 quoniam
1405 3765 1440 3829 ab

279 3873 443 3958 Epaoneto
468 3854 644 3937 adulterata
667 3878 733 3936 erat
757 3878 787 3936 et
810 3875 921 3936 matris
949 3893 1055 3937 mores
1074 3893 1213 3958 sequens
1232 3857 1439 3938 meretricium

281 3986 449 4065 quaestum
483 3980 608 4048 iecerat.
662 3979 771 4046 Priore
799 3979 898 4063 igitur
926 3981 1009 4064 legis
1032 3986 1121 4062 parte
1140 3981 1306 4063 provisum
1330 3979 1381 4062 est,
1403 3997 1439 4040 ne

280 4073 365 4149 cives
388 4105 461 4148 cum
485 4085 604 4149 talibus
627 4083 755 4149 feminis
775 4087 922 4150 viverent
946 4081 1092 4167 (ἐπειδὰν
1120 4083 1155 4148 δὲ
1178 4081 1233 4172 ἕλῃ
1249 4075 1313 4148 ’τὸν
1330 4079 1437 4166 μοιχόν,

279 4189 324 4278 μὴ
347 4188 461 4266 ἐξέστω
493 4195 539 4276 aqi
569 4186 673 4254 ἑλόντι
696 4197 850 4254 συνοικεῖν
872 4196 913 4279 τῇ
940 4195 1082 4274 γαναικι).
1135 4193 1316 4276 Stephanus
1343 4198 1436 4256 autem

279 4300 389 4363 Phano
413 4299 558 4364 archonti
580 4302 648 4383 regi
673 4301 736 4383 ipsi
759 4301 794 4362 in
817 4302 1058 4363 matrimonium
1082 4301 1219 4363 dederat.
1267 4298 1393 4381 Deinde,
1408 4299 1435 4362 id
