3102 5000
731 328 952 390 „22..

255 505 350 572 modo
374 505 591 591 Apollodorus
613 505 647 567 in
671 505 851 570 testimonio
876 501 1107 569 conscribendo
1126 502 1160 564 id
1180 505 1340 586 spectasse
1358 497 1451 561 mihi

256 616 394 697 videtur,
416 619 453 678 ut
474 612 640 676 Phrastori
669 611 731 695 ipsi
755 631 852 694 quam
880 611 1053 674 minimum
1078 609 1117 673 de
1139 610 1178 673 iis
1200 607 1298 672 rebus
1329 605 1450 669 dicen·

258 723 335 786 dum
358 726 453 802 esset,
482 739 562 802 quas
592 737 658 781 non
688 717 895 782 laudabiliter
922 717 1048 780 fecerat.
1095 716 1310 800 Inspiciamus
1338 713 1452 797 igitur

171 896 174 901 ,
256 829 393 912 singula,
416 815 500 910 quae
523 826 744 890 testimonium
767 825 917 888 continet.
962 822 1063 886 Plane
1087 841 1125 886 ac
1148 822 1265 886 diserte
1283 820 1451 884 Phrastor

239 935 404 1016 affirmat,
423 951 465 1015 se,
485 951 559 995 cum
574 931 686 995 Phano
703 931 904 1015 peregrinam
923 949 992 994 esse
1012 930 1221 1013 cognovisset,
1239 926 1446 1010 Stephanum

256 1044 291 1104 in
322 1042 375 1104 ius
406 1057 551 1120 vocasse,
582 1044 614 1102 et
644 1039 705 1101 hoc
734 1037 842 1100 statim
873 1037 965 1100 initio
996 1037 1167 1100 testimonii
1200 1039 1449 1114 commemorat,

258 1166 455 1236 quamquam
476 1165 542 1208 non
564 1164 621 1228 pro
646 1150 731 1208 certo
756 1144 846 1227 dicit,
868 1145 903 1208 id
926 1146 1066 1228 primum
1089 1144 1207 1206 factum
1231 1161 1308 1206 esse.
1356 1141 1445 1204 Tum

257 1255 371 1318 ceteris
395 1251 524 1316 divortii
552 1253 657 1315 causis
680 1252 774 1335 plane
802 1251 1032 1336 praetermissis
1055 1255 1202 1331 testatur,
1230 1248 1345 1312 fraude
1370 1245 1447 1312 Ste-
1501 1277 1508 1288 ·

256 1361 356 1445 phani
379 1379 412 1424 se
435 1365 501 1423 tam
524 1361 642 1422 iratum
661 1359 767 1440 fuisse,
790 1363 916 1422 utnon
942 1357 1103 1421 dubitaret
1124 1357 1326 1440 peregrinam
1349 1356 1445 1420 illam

258 1467 407 1530 abdicare
436 1467 593 1549 domoque
629 1467 738 1528 eicere.
794 1465 846 1528 Ad
886 1466 973 1548 quod
1009 1464 1237 1528 illustrandum
1268 1463 1352 1526 illud
1387 1464 1444 1525 καὶ

258 1567 364 1636 οὐκέτι
378 1579 532 1636 συνοικεῖν
550 1565 639 1658 αὕτη,
656 1571 742 1654 quod
758 1570 1025 1636 Westermannus
1040 1589 1310 1654 supervacaneum
1327 1573 1445 1634 existi-

259 1686 332 1762 mat,
356 1684 427 1764 apte
451 1676 596 1742 additum
619 1696 687 1741 esse
710 1679 787 1741 mihi
809 1677 945 1744 videtur.
1003 1677 1072 1753 Qua
1100 1684 1207 1740 autem
1229 1679 1356 1741 ratione
1379 1697 1444 1741 sua

258 1787 360 1870 ipsius
384 1786 543 1849 accusatio
567 1803 642 1847 cum
666 1784 818 1868 Stephani
847 1788 1062 1867 accusatione,
1095 1785 1134 1848 de
1163 1805 1226 1867 qua
1250 1785 1369 1848 deinde
1393 1785 1441 1847 lc·

259 1893 368 1974 quitur
384 1891 449 1973 (καὶ
467 1887 618 1968 λαχόντος
638 1879 724 1975 αὐτῷ
738 1887 904 1972 Στεφάνου
920 1889 964 1963 εἰς
978 1885 1112 1955 Ὠιδεῖον
1131 1890 1241 1976 σίτου),
1262 1891 1442 1973 cohaereat,

258 1986 499 2062 Phrastor'non
523 1999 670 2080 exponit,
694 1999 804 2081 itaque
828 2000 857 2062 ei
876 2019 942 2061 non
962 1998 1134 2062 dicendum
1153 2005 1229 2080 erat,
1252 1999 1285 2062 s'e
1305 2015 1440 2060 causam

260 2125 326 2168 nou
348 2107 438 2188 prius
462 2104 502 2167 ad
524 2104 647 2167 iudices
671 2104 829 2187 detulisse,
854 2126 951 2188 quam
978 2108 1116 2183 timeret,
1143 2125 1184 2168 ne
1206 2107 1276 2188 ipse
1305 2104 1442 2167 damna·

258 2217 356 2277 retur.
401 2211 514 2292 Neque
533 2211 568 2273 id
585 2212 701 2294 ipsum,
722 2210 827 2274 dotem
846 2231 911 2274 non
930 2231 999 2276 esse
1014 2211 1181 2293 redditam,
1199 2214 1233 2274 in
1252 2211 1442 2274 testimonio

260 2319 355 2381 certis
377 2317 485 2381 verbis
508 2337 696 2401 expressum
719 2337 788 2381 esse
809 2319 971 2398 videmus3
991 2320 1091 2402 ³quod
1115 2316 1221 2383 autem
1244 2320 1314 2382 sine
1338 2317 1442 2382 dubio

260 2427 320 2488 hcc
343 2425 468 2488 silentio
493 2425 595 2487 omitti
618 2443 684 2486 uon
706 2428 839 2507 poterat,
862 2425 1080 2508 Apollodorus
1101 2427 1137 2489 id
1160 2427 1266 2490 solum
1289 2427 1326 2487 iu
1350 2427 1443 2488 testi·

259 2534 366 2596 monio
388 2532 564 2615 inscripsit:
589 2531 642 2592 καὶ
664 2526 815 2608 λαχόντος
834 2524 921 2616 αὐτῷ
938 2527 1104 2613 Στεφάνου
1124 2530 1168 2604 εἰς
1186 2525 1322 2596 Ὠιδεῖον
1339 2535 1442 2595 σίτοο.

243 2639 377 2702 ’Νἰὴδο
390 2641 497 2701 miuus
520 2638 652 2719 iudices
676 2657 751 2701 cum
774 2639 989 2722 Apollodorus
1017 2645 1110 2703 antea
1137 2640 1265 2723 singula
1295 2640 1442 2722 explica-

259 2748 366 2822 visset‚
390 2765 430 2808 ex
450 2747 632 2810 testimonio
651 2746 782 2809 recitato
806 2747 882 2809 satis
905 2747 1090 2830 intellegere
1109 2751 1263 2830 poteraut,
1288 2765 1364 2809 eum
1387 2766 1445 2810 res

259 2871 335 2916 vere
358 2855 544 2918 narravisse.
820 2835 822 2838 ⁵

349 2975 472 3059 Restat,
503 2983 539 3040 ut
566 2977 732 3060 paneade
756 2980 908 3041 extremis
932 2979 1106 3041 testimonii
1128 2977 1235 3041 verbis
1263 2971 1303 3061 ἣν
1326 2973 1446 3055 ἔλαχεν

260 3077 333 3163 ἐμοὶ
355 3088 517 3164 Στέφανος
541 3084 654 3148 dicam.
700 3082 764 3146 Pro
789 3079 864 3163 ἐμοί
885 3085 1058 3148 desiderari
1082 3077 1168 3169 αὐτῷ
1190 3084 1444 3148 Westermanno

263 3192 433 3269 assenticr;
454 3210 512 3253 cur
531 3195 638 3254 autem
656 3191 739 3253 illud
757 3190 875 3254 falsarii
894 3193 935 3255 sit
953 3210 1057 3274 neque
1072 3196 1178 3255 orator
1191 3192 1276 3254 idern
1297 3190 1444 3255 scribere

259 3299 413 3380 potuerit,
447 3317 513 3360 non
544 3296 650 3378 video,
685 3300 871 3381 praesertim
909 3317 983 3361 cum
1017 3298 1052 3359 in
1087 3299 1227 3361 oratione
1260 3299 1330 3381 ipsa
1365 3317 1443 3381 per-

262 3403 363 3466 multa
385 3403 658 3487 negligentissime
682 3405 799 3487 scripta
821 3406 1029 3468 inveniamus.
1072 3405 1127 3467 cfr.
1148 3408 1166 3484 ξ
1188 3407 1228 3468 76
1252 3405 1306 3466 καὶ
1323 3408 1446 3467 τοῦτον

260 3507 317 3571 τὸν
335 3503 434 3589 νόμον
452 3505 668 3596 γράψαντες
687 3504 722 3572 ἐν
744 3505 839 3597 στήλη
859 3510 966 3598 λιθίνη
990 3508 1157 3596 ἔστησαν
1177 3561 1183 3574 .
1204 3560 1210 3573 .
1230 3563 1236 3575 .
1255 3514 1444 3593 μαρτυρίαν

261 3611 505 3696 ποιούμενος
532 3610 549 3678 ὃ
581 3618 701 3701 δῆμος
729 3609 811 3700 ὑπὲρ
839 3619 905 3702 τῆς
934 3609 1056 3681 αὑτοῦ
1079 3611 1241 3699 εὐσεβείας
1273 3614 1356 3702 πρὸς
1383 3615 1445 3681 τὸν

262 3719 344 3784 θεὸν
372 3723 425 3784 καὶ
447 3708 736 3807 Γπαρακαταθήκην
767 3723 970 3786 καταλείπων
998 3733 1063 3796 τοῖς
1099 3720 1359 3806 ἐπιγιγνομένοις,
1390 3718 1442 3788 ὅτι

260 3824 321 3914 τη’ν
342 3849 376 3909 γε
387 3829 446 3892 σοὶ
469 3837 598 3908 γυναῖκα
618 3831 837 3915 δοθησομένην
854 3831 907 3893 καὶ
925 3827 1120 3894 ττοινῗσοοσαν
1138 3827 1178 3893 τὰ
1198 3828 1268 3915 ἱερὰ
1286 3827 1443 3918 τοιαύτην

263 3930 449 4017 ἀξιοῦμεν
472 3927 589 4018 sivae)

355 4288 374 4356 ¹)
395 4287 736 4358 Cr1·.L01·tzingiidissert.
757 4307 815 4360 pag.
836 4297 877 4344 68.
