3102 5000
549 330 769 400 —33-

107 517 110 524 '
162 507 213 575 Ita
242 512 272 576 si
302 509 402 576 verba
430 511 669 597 intelleguntur,
696 522 762 577 n'on
794 515 858 578 iam
886 514 1059 580 obscurum
1087 521 1151 595 est,
1184 517 1248 601 quo

66 616 169 701 ionga
198 619 369 703 explicatio
404 618 444 700 ἐξ
469 620 525 701 81,
559 622 615 702 82,
647 623 688 684 83
717 627 857 704 spoctat3
895 624 1013 686 oratori
1044 624 1130 687 enim
1161 623 1248 686 haud

67 723 171 788 dnbio
192 725 227 788 id
249 726 451 809 potissimum
469 723 741 810 comprobandum
766 733 842 810 erat,
876 728 1050 794 divortium
1068 729 1150 793 illud
1173 749 1249 795 oum

66 831 194 896 iudicio
221 834 478 918 areopagitarum
516 835 675 898 artissime
705 836 874 910 cohaerere
909 839 1005 919 atque
1037 855 1080 902 ex
1112 856 1149 901 eo
1179 838 1248 922 ipso

66 955 143 1002 esse
165 943 281 1004 ortum.

161 1045 206 1110 Ut
227 1047 328 1132 igitur
351 1066 393 1111 ex
417 1049 547 1113 oratoris
569 1050 672 1133 ipsius
695 1049 802 1114 verbis
827 1049 973 1132 efficitur,
997 1051 1078 1114 nihil
1102 1051 1190 1114 aliud
1213 1052 1246 1113 in

65 1150 448 1237 Theogenis'testimonio
465 1154 536 1236 fuit,
559 1158 623 1220 nisi
643 1155 730 1240 quod
748 1157 805 1220 itta
822 1153 959 1220 formula
977 1159 1128 1222 eontinet.
1151 1156 1244 1222 Wes-

66 1263 238 1326 termanno
267 1260 397 1345 quidem
424 1261 666 1326 concedendum
696 1269 752 1347 est,
786 1269 943 1330 oratorem
972 1267 1018 1329 ita
1039 1265 1171 1328 minime
1196 1264 1248 1328 de

67 1370 309 1451 monstravisse,
329 1368 416 1453 quod
426 1367 710 1434 demonstrandum
729 1371 792 1436 sibi
802 1378 1018 1457 proposuerat,
1038 1369 1248 1464 Areopagitas

67 1474 185 1540 Phano
216 1477 417 1561 peregrinam
450 1478 654 1560 cognovisse;
694 1483 727 1541 at
762 1479 797 1542 id
828 1499 895 1542 non
934 1485 1045 1544 contra
1075 1479 1249 1543 testimonii
1375 1562 1380 1572 Ι

67 1584 303 1666 auctoritatem,
332 1584 390 1648 sed
418 1583 524 1668 potius
548 1587 659 1648 contra
679 1588 993 1669 argumentationem
1017 1587 1150 1649 oratoris
1175 1585 1247 1649 affe·

67 1675 211 1754 rendum
234 1695 308 1762 erat
894 1697 896 1702 '
1030 1757 1060 1775 ,,

159 1795 247 1862 Num
270 1797 372 1881 igitur
392 1802 498 1862 orator
521 1797 561 1862 de
581 1799 702 1866 iudicio
726 1802 980 1885 areopagitarum
1010 1779 1097 1864 recte
1121 1797 1246 1877 dix'erit,

67 1905 142 1968 iure
167 1903 307 1968 dubitari
329 1909 442 1989 potest,
464 1908 652 1989 praesertim
675 1927 750 1972 cum
773 1925 878 1992 neque
901 1908 979 1990 ipse,
1002 1908 1126 1970 utiam
1149 1925 1246 1990 supra

69 2013 328 2094 commemoravi,
351 2012 417 2075 uilo
440 2013 511 2076 loco
531 2013 793 2097 comprobaverit,
817 2013 930 2078 Phano
950 2032 1018 2078 esse
1036 2016 1246 2098 peregrinam,

68 2125 102 2183 et
125 2119 314 2203 Stephanus
336 2117 370 2182 id
397 2117 485 2202 quod
513 2137 555 2184 ex
588 2123 607 2200 ᾖ
640 2109 703 2185 119
727 2121 919 2186 concludere
942 2119 1026 2202 licet,
1057 2140 1126 2185 eam
1155 2140 1247 2184 suam

68 2245 140 2290 esse
163 2225 273 2309 filiam,
296 2243 339 2306 err
360 2227 466 2310 priore
488 2245 590 2300 uxore
612 2233 730 2310 natam,
754 2228 938 2294 defenderit.
984 2227 1023 2292 Id
1043 2229 1163 2312 quiden
1180 2247 1246 2292 non

68 2333 247 2415 abnuerim,
279 2351 314 2397 re
346 2351 424 2396 vera
451 2333 641 2418 areopagitis
670 2334 856 2400 auctoribus
887 2335 1000 2400 Phano
1033 2355 1052 2398 a
1080 2335 1246 2420 Theogene

70 2440 237 2520 dimissam
269 2459 355 2520 esse;
392 2441 500 2506 nescio
531 2445 638 2504 autem
668 2461 709 2506 an
736 2447 865 2528 propter
897 2442 975 2506 alias
1003 2461 1115 2506 causas
1150 2448 1246 2526 atque

68 2553 177 2612 orator
201 2547 281 2612 dicit
302 2546 370 2633 (cfr.
396 2550 414 2628 ξ
439 2549 479 2612 81
505 2541 608 2612 ἐδεῖτο
638 2540 654 2612 ὃ
682 2551 837 2635 Θεογένης
859 2541 1010 2611 ἱκετεύων
1035 2548 1090 2612 καὶ
1124 2541 1244 2631 ἀντιβο-

68 2652 140 2733 λῶν,
172 2653 271 2732 λέγων
306 2645 356 2716 ὅτι
383 2645 441 2716 οὐκ
460 2649 530 2742 ᾔδει
552 2658 697 2740 Νεαίρας
725 2649 828 2741 αὐτὴν
850 2642 948 2719 οὖσαν
970 2657 1141 2739 θυγατέρα,
1167 2647 1245 2718 ἀλλ’

69 2756 296 2846 ἐξαπατηθείη
327 2753 393 2822 ὑπὸ
417 2756 594 2842 Στεφάνου,
627 2755 667 2834 ὡς
698 2755 799 2826 αὐτοῦ
822 2764 985 2845 θυγατέρα
1016 2749 1113 2824 οὖσαν
1145 2755 1246 2848 αὐτην

68 2862 245 2950 λαμβάνων
274 2870 405 2952 γνησίαν
426 2864 508 2931 κατὰ
538 2865 595 2931 τὸν
621 2862 722 2950 νόμον
744 2874 776 2934 ct
799 2869 818 2950 ξ
843 2871 884 2934 82
907 2865 966 2955 τὴν
988 2864 1047 2951 γὰρ
1071 2864 1246 2952 ἄνθρωπον

70 2967 266 3060 ἀποπέμψω
297 2969 333 3036 e'x
362 2977 418 3060 τῆς
447 2971 556 3054 οἰκίας,
587 2970 701 3061 ἐπειδὴ
725 2969 782 3039 οὐκ
806 2971 871 3038 doro
892 2968 1061 3056 Στεφάνου
1090 2970 1244 3062 θυγάτηρ,

70 3075 153 3144 ἀλλὰ
185 3083 329 3165 Νεαίρας
357 3081 427 3164 etc.)
463 3082 498 3145 id
525 3085 633 3167 ipsum
661 3083 700 3146 ab
730 3102 767 3146 eo
796 3082 1034 3166 postuiaverint
1098 3081 1245 3147 Primum

70 3191 159 3254 enim
177 3187 289 3252 Phano
312 3196 443 3273 propter
465 3191 565 3254 vitam
587 3189 754 3254 inhoneste
778 3194 881 3253 actam
904 3191 973 3254 sine
997 3189 1093 3254 dubio
1111 3190 1246 3274 indigna

69 3302 147 3378 erat,
166 3315 249 3380 quac
267 3315 395 3362 summo
413 3298 470 3362 illo
488 3297 665 3362 sacerdotio
684 3296 885 3380 fungeretur3
906 3315 977 3361 eam
995 3298 1083 3361 enim
1102 3295 1245 3362 aPhras-

69 3409 138 3468 tone
162 3404 257 3468 domo
288 3405 422 3468 eiectam
454 3404 636 3468 meretricio
660 3423 749 3468 more
780 3405 902 3468 vixisse
929 3405 1129 3488 areopagitae
1158 3409 1245 3471 certe

69 3511 257 3594 quaestione
278 3511 425 3576 instituta
448 3511 684 3577 intellexenmt.
729 3510 810 3574 Tum
828 3511 1021 3594 Theogenes
1040 3529 1115 3574 cum
1132 3507 1243 3574 Phano

69 3617 210 3690 duceret,
238 3617 343 3700 legem
374 3617 464 3682 illam
491 3637 623 3701 prorsus
652 3619 847 3703 neglexerat,
880 3618 919 3681 de
943 3637 1008 3700 qua
1031 3622 1136 3681 orator
1158 3618 1177 3699 ξ
1202 3621 1243 3682 io
1293 3595 1302 3614 ⁸

68 3722 229 3806 loquitur:
253 3718 312 3808 την
334 3721 369 3788 dd
387 3731 520 3802 γυναῖκα
543 3717 644 3788 αὐτοῦ
665 3721 768 3806 νόμον
786 3721 902 3788 ἔθεντο
925 3772 932 3786 .
952 3773 959 3787 .
979 3772 986 3785 .
1006 3714 1089 3786 εἶναι
1106 3719 1152 3809 μὴ
1175 3718 1243 3787 ἐπυ-

68 3833 266 3914 μεμιγμένην
293 3827 390 3916 ἑτέρην
420 3824 519 3914 α’νδρί,
549 3825 630 3894 ἀλλὰ
654 3835 821 3916 παρθένον
842 3839 965 3912 γαμεῖν.
1016 3831 1162 3896 Fortasse
1184 3833 1244 3916 igi·

69 3941 123 4000 tur
155 3935 195 3999 ob
225 3955 282 4001 ‘eae
314 3943 442 4002 tantum
470 3957 522 4003 res
550 3941 749 4024 areopagitae
778 3941 808 4003 ei
835 3944 1099 4004 succensuerunt
1145 3941 1194 4002 Ita
1216 3940 1244 4002 si
1343 3981 1346 3991 ·

68 4063 119 4108 res
143 4063 177 4108 se
200 4043 321 4122 habuit,
343 4043 415 4110 fieri
435 4065 503 4110 non
520 4047 678 4131 potuisse,
701 4052 738 4110 ut
766 4045 831 4128 ilia,
860 4065 942 4129 quae
965 4051 1070 4110 orator
1092 4046 1133 4110 de
1155 4064 1243 4110 areo·

69 4153 250 4235 pagitarum
259 4151 380 4216 iudicio
393 4153 527 4235 dixerat,
536 4173 613 4218 vero
623 4154 806 4218 testimonio
817 4153 1092 4235 confirmarentur,
1102 4157 1240 4237 apparet

157 4255 282 4322 Deinde
322 4257 402 4323 falso
438 4259 704 4325 Westermannus
744 4261 883 4343 iudicat,
924 4261 1124 4344 Theogenom
1159 4261 1241 4341 nihil

70 4363 227 4446 habuisse,
259 4383 318 4430 cut
348 4386 416 4430 non
444 4367 582 4431 libenter
603 4386 657 4449 ea,
685 4385 770 4451 quae
800 4368 836 4430 in
867 4367 923 4430 illa
952 4367 1091 4431 formula
1120 4369 1240 4450 insunt,

1064 4477 1082 4526 3
