3102 5000
564 347 784 410 ..37-

87 527 214 592 falsarii
244 484 379 592 manum
407 525 558 590 indicare.
605 525 710 590 Immo
736 543 814 590 vero
842 525 919 590 talia
950 526 1095 590 omnium
1127 525 1262 611 diiigen-

84 636 219 702 tissime.
233 633 382 700 falsarius
405 633 595 700 esitavisset.
1037 639 1039 644 '

173 741 408 807 Hudtwalcker
449 760 556 824 neque
592 741 725 804 oratoris
765 739 1012 824 explicationem
1043 759 1150 825 neque
1179 744 1264 806 testi·
1380 759 1383 766 ·

82 851 235 914 monium
258 850 441 934 inspexisse
459 849 597 925 videtur,
621 866 696 912 cum
717 849 751 910 in
770 846 862 930 libro,
889 848 946 930 qni
971 847 1158 912 inscribitur
1176 835 1266 914 siber

85 957 141 1020 die
175 956 379 1021 dffentlichen
412 956 480 1020 und
503 954 879 1020 anaaSeniedsriehter
903 956 940 1018 tn
968 955 1091 1038 Athen,
1118 974 1189 1040 pag.
1219 958 1264 1022 48

83 1067 231 1128 annotet:
258 1063 357 1147 „Eine
373 1063 500 1128 Formel
519 1065 608 1128 eines
627 1062 802 1127 Kontrekts
819 1061 903 1127 tiber
919 1063 992 1128 eine
1010 1081 1264 1147 angenommene

83 1163 259 1255 πρόκλησις
280 1170 381 1236 findet
404 1173 471 1236 sich
505 1169 557 1236 bei
589 1167 824 1235 Demosthenes
850 1170 952 1235 wider
992 1169 1118 1236 Neaera
1147 1171 1263 1237 1387.“

176 1275 222 1342 Ut
245 1279 384 1362 deniqne
406 1299 509 1363 pauca
531 1279 572 1343 de
588 1277 652 1342 iilis
674 1277 728 1340 καὶ
750 1275 830 1340 εἴτι
853 1272 888 1340 ἐκ
910 1280 974 1340 τῶν
996 1273 1143 1360 βασάνων
1164 1277 1264 1361 stirp

83 1388 224 1472 θείησαν
246 1383 280 1449 αἱ
310 1381 489 1470 ἅνθρωποι,
513 1379 678 1449 ἀποτίνειν
700 1375 768 1448 ὅτι
785 1384 979 1470 βλαβείησαν
997 1384 1121 1468 addam,
1139 1405 1264 1471 semper

85 1495 166 1577 eius,
190 1495 247 1578 qui
276 1494 498 1559 adversarium
525 1497 770 1578 provocaverat,¹
785 1491 886 1557 fuisse
907 1492 1097 1575 ridetur,·si
1120 1493 1204 1556 servi
1226 1494 1263 1556 in

84 1606 246 1666 tormenta
282 1602 347 1666 dati
382 1601 464 1666 nihil
497 1605 608 1665 contra
639 1601 806 1664 dominum
839 1601 946 1664 testati
979 1604 1076 1681 erant,
1109 1599 1263 1664 damnum

85 1710 265 1788 restituere,
290 1709 377 1792 quod
396 1709 597 1774 adversarius
620 1708 808 1792 corporibus
831 1727 998 1772 servorum
1021 1706 1116 1771 laesis
1137 1707 1262 1773 fecerat

86 1815 164 1901 (Gir.
191 1815 294 1881 Meier
315 1835 347 1883 u.
371 1816 581 1898 Schoemann,
605 1815 662 1880 der
679 1819 732 1879 att.
756 1815 890 1880 Process
912 1835 982 1899 pag.
1007 1813 1096 1898 681.)

179 1923 470 2009 Guggenheimius‚
501 1921 564 1986 Die
596 1922 791 2007 Bedeutung
827 1923 883 1986 der
914 1921 1090 2006 Noiterung
1125 1923 1183 1985 im¹
1209 1927 1263 1988 att

86 2032 232 2113 Pnocess,
250 2050 320 2115 pag.
339 2033 383 2095 49
399 2036 528 2115 propter
545 2029 643 2105 verba
656 2030 711 2093 illa
733 2027 764 2093 εἰ
770 2028 831 2110 μὲν
846 2023 1032 2109 ὁμολογοῖεν
1050 2023 1085 2090 ἐκ
1094 2024 1264 2110 Στεφάνου

87 2130 174 2203 εἶναι
208 2138 262 2201 καὶ
290 2139 435 2221 Νεαίρας
456 2131 589 2208 τούτους
620 2135 694 2208 τούς
721 2137 854 2218 παῖδας,
887 2138 1084 2219 πεπρᾶσθαι
1119 2140 1264 2220 Νέαιραν

87 2241 172 2310 κατὰ
195 2242 269 2316 τούς
290 2239 406 2325 νόμους
429 2239 569 2315 καὶτοὺς
591 2243 712 2315 παῖδας
728 2246 834 2319 ξείνους
857 2234 940 2306 εἶναι
963 2243 1004 2307 de
1026 2242 1090 2308 fide
1107 2244 1264 2307 formulae

89 2353 234 2436 dubitat,
257 2371 330 2416 eum
354 2353 439 2417 enim
462 2353 603 2436 privatas
625 2356 750 2415 tantum
774 2371 895 2440 causasn
909 2352 1056 2436 pactione
1088 2351 1263 2415 diiudicare

89 2461 211 2542 liceret,
231 2462 362 2525 omnino
385 2459 455 2524 fieri
477 2479 544 2524 non
567 2460 717 2543 potuisse,
739 2463 777 2522 ut
794 2459 1011 2544 Apollodorus
1031 2464 1063 2524 et
1084 2458 1263 2542 Stephanus

91 2570 131 2634 de
155 2567 281 2634 Neaera
313 2587 350 2632 ac
382 2567 492 2632 liberis
525 2569 570 2630 ita
598 2569 685 2630 inter
715 2587 750 2631 se
778 2567 1023 2651 paciscerentur.
1069 2566 1115 2630 At
1146 2565 1185 2628 de
1208 2565 1264 2628 tali
1343 2607 1344 2610 =

89 2678 245 2761 pactione,
274 2695 369 2760 quam
402 2674 618 2760 Apollodorus
642 2693 717 2738 cum
741 2673 897 2758 Stephano
928 2673 1033 2737 iacere
1064 2673 1205 2752 voluerit,
1228 2673 1263 2734 in

89 2783 228 2846 formula
256 2783 337 2846 nihil
369 2785 604 2867 scriptumest.
659 2781 729 2866 Ego
766 2782 850 2844 enim
889 2785 1065 2845 extremam
1106 2779 1263 2844 formulae

88 2895 214 2975 partem
234 2891 280 2954 sic
302 2890 550 2974 intellegendam
573 2907 641 2953 esse
664 2893 758 2972 puto:
782 2887 1016 2973 Apollodorum
1045 2889 1080 2950 iu
1111 2905 1264 2972 provoca·

89 3000 177 3062 tione
200 2997 329 3080 dixisse,
352 2999 380 3061 ai
403 3015 514 3062 serrae
536 2996 653 3061 liberos
676 3014 741 3058 non
764 3014 807 3060 ex
836 2995 961 3060 Neaera
984 3013 1053 3059 esse
1085 2999 1177 3062 natos
1200 2998 1263 3057 tes-

89 3109 243 3187 tarentur,
265 3123 300 3169 se
323 3105 416 3168 alite
439 3104 630 3170 destiturum
653 3122 735 3182 esse;
765 3105 816 3167 sin
840 3107 950 3167 contra
973 3102 1170 3187 Stephanum
1200 3107 1263 3166 tes·

90 3215 262 3280 timonium
292 3211 441 3295 dicerent,
464 3213 553 3277 litem
576 3231 610 3276 se
632 3229 737 3296 usque
760 3211 801 3274 ad
819 3210 916 3274 finem
936 3228 1005 3274 esse
1024 3214 1263 3292 exsecuturum,

64 3399 67 3406 ⁴
90 3330 126 3388 ut
148 3322 273 3388 Neaera
303 3320 482 3384 secundum
514 3320 601 3404 leges
634 3321 757 3385 veniret
785 3323 881 3402 atque
903 3313 999 3382 tiberi
1020 3334 1155 3381 numero
1174 3333 1263 3400 pere-

90 3430 257 3512 grinorum
280 3426 522 3492 ascriberentur.

563 3713 706 3816 caput
732 3711 790 3794 11.

520 3871 587 3984 'ne
629 3871 817 3956 teutona

428 4038 455 4098 1.
502 4032 550 4100 De
572 4034 644 4118 lege
666 4053 696 4118 p.
723 4023 809 4100 1350
832 4035 851 4116 ξ
876 4034 925 4096 16.

179 4153 252 4225 Ἐὰν
268 4159 303 4223 δὲ
322 4163 408 4234 ξένος
427 4153 506 4247 ἀστῇ
524 4162 651 4246 συνοικῇ
668 4163 762 4248 τέχνῃ
781 4152 801 4246 ἢ
818 4160 946 4245 μηχανῇ
964 4149 1112 4246 ῇτινιοῦν,
1130 4161 1262 4241 γραφέσ-

90 4270 141 4330 aa
164 4263 246 4350 πρὸς
272 4263 347 4337 τοὺς
373 4269 581 4348 θεσμοθέτας
604 4259 779 4351 Ἀθηναίων
800 4261 817 4329 ὁ
836 4263 1038 4351 βουλόμενος,
1062 4253 1110 4336 οἷς
1133 4261 1261 4342 ἔξεστιν.

90 4369 146 4436 ἐὰν
169 4371 204 4438 δὲ
233 4367 307 4460 ἁλιῇ,
339 4369 525 4456 πεπράσθω
548 4374 602 4438 καί
627 4366 724 4446 αὐτὸς
751 4375 805 4438 καὶ
834 4367 970 4462 ἡούσία
999 4368 1107 4455 αὐτοῦ,
1139 4373 1193 4438 καὶ
1224 4371 1262 4438 τὸ
