3102 5000
756 277 978 360 ...qq-

280 475 385 558 licere,
414 475 601 560 peregrinos
633 493 708 538 cum
739 473 865 538 civibus
900 465 975 536 οὐδὲ
997 479 1152 538 συνοικεῖν
1182 465 1257 538 οὐδὲ
1283 471 1459 538 παιδοπυι

283 585 400 661 εῖσθαι,
422 581 625 666 Lortringius
651 602 722 668 pag.
750 584 795 648 44
818 581 901 644 hanc
918 581 1022 666 ipsam
1049 599 1162 646 vocem
1184 581 1460 644 παιδοποιεῖσθαι

281 693 317 756 in
339 691 410 775 lege
437 689 538 754 fuisse
565 693 664 774 putat
716 687 788 754 Mea
811 689 968 754 sententia
990 691 1098 754 orator
1117 687 1247 772 quidem
1270 687 1461 772 explicandi

282 817 379 864 causa
414 816 486 862 eam
522 795 641 862 addere
674 800 811 882 poterat,
851 797 888 860 in
920 795 991 880 lege
1018 801 1126 860 autam
1161 797 1241 880 ipsa,
1274 813 1358 879 quse
1387 795 1461 860 sine

283 905 381 970 dubio
406 908 552 970 accurate
580 921 617 966 ae
640 903 790 968 distincte
812 904 930 988 scripta
953 907 1029 985 erat,
1060 923 1098 968 ea
1120 903 1254 968 minime
1276 903 1357 985 fuit;
1381 922 1462 966 nam

282 1012 419 1078 verbum
455 1017 623 1088 συνοικεῖν,
661 1009 747 1095 qued
779 1016 864 1076 certe
886 1012 921 1076 in
944 1011 1015 1096 lege
1036 1017 1114 1094 erat,
1137 1029 1208 1076 eam
1232 1009 1460 1094 complecitur;

281 1121 317 1185 id
340 1120 427 1184 enim
449 1117 617 1202 significat,
640 1122 677 1182 nt
699 1138 742 1182 ex
764 1117 871 1185 verbis
893 1119 913 1200 ξ
939 1121 1002 1184 122
1031 1115 1069 1182 τὸ
1098 1113 1157 1202 γὰρ
1181 1123 1338 1182 συνοικεῖν
1360 1109 1462 1182 τοῦτ’

283 1224 375 1306 ἔστιν,
408 1217 442 1296 ὃς
473 1218 512 1286 ἄν
534 1223 767 1310 παιδοποιῆται
794 1225 849 1290 καὶ
872 1220 976 1313 εἰςιίγρ
1005 1222 1050 1297 εἷς
1071 1245 1109 1290 τε
1131 1221 1205 1298 τούς
1223 1220 1388 1309 φράτερας
1405 1223 1463 1288 καὶ

282 1327 424 1420 δημότας
455 1327 529 1403 τους
561 1329 639 1402 υἱεῖς
665 1331 721 1394 καὶ
749 1329 806 1404 τὰς
833 1335 1013 1417 θυγατέρας
1040 1327 1153 1418 ἐκδιδῷ
1175 1326 1216 1404 ὦς
1238 1324 1463 1403 arianimirus

283 1448 350 1512 τοῖς
372 1432 521 1524 ἀνδράσιν
542 1444 681 1524 apparet,
700 1444 731 1504 et
748 1439 1018 1504 παιδοποιεῖσθαι
1036 1445 1069 1506 et
1087 1434 1219 1520 εἰςάγειν
1241 1445 1273 1506 et
1290 1433 1463 1504 ἐκδιδόναι.

283 1547 398 1632 Neque
417 1551 523 1613 oratur
544 1547 607 1610 hcc
628 1545 699 1610 ioco
722 1547 755 1631 (ξ
781 1549 867 1628 122),
890 1546 946 1612 ubi
969 1547 1057 1612 haud
1075 1546 1171 1613 dubie
1189 1547 1269 1632 legis
1286 1547 1464 1614 formulam

284 1656 423 1740 respicit,
443 1654 493 1718 ad
516 1655 680 1718 notionem
703 1653 794 1718 verbi
815 1661 971 1718 συνοικεῖν
993 1655 1216 1738 explicandam
1239 1655 1322 1720 illud
1344 1655 1465 1720 παιδο·

283 1764 452 1826 ποιεῖσθαι
475 1761 643 1844 attuiisset,
667 1763 694 1824 si
717 1761 750 1824 id
772 1763 837 1826 iam
860 1762 895 1826 in
918 1761 1057 1828 formula
1077 1762 1199 1830 fuisset
1244 1761 1360 1848 Neque
1383 1782 1463 1828 vero

284 1873 320 1935 in
352 1868 583 1954 significatione
611 1867 702 1936 verbi
732 1876 889 1932 συνοικεῖν
928 1869 1111 1934 definienda
1150 1871 1294 1934 maxima
1331 1871 1381 1936 vis
1415 1871 1465 1934 iili

285 1977 554 2042 παιδοποιεῖσθαι
582 1975 755 2040 tribuenda
786 1980 842 2059 est,
875 1978 994 2063 quippe
1026 1977 1113 2060 quod
1145 1977 1180 2040 in
1203 1977 1465 2042 concubinatum

287 2103 417 2170 quoqne
440 2083 553 2148 cadere
575 2083 690 2168 possit;
716 2101 774 2167 ego
798 2079 900 2147 multo
924 2085 1026 2168 magis
1048 2085 1091 2167 id,
1122 2084 1209 2167 quod
1231 2088 1339 2150 orator
1373 2085 1465 2168 dicii,

284 2188 322 2256 τὸ
346 2184 478 2270 εἰςάγειν
500 2195 533 2254 et
553 2184 591 2252 τὸ
612 2183 778 2274 ἐκδιδόναι,
800 2191 930 2274 signum
954 2210 1024 2258 esse
1046 2192 1234 2276 putaverim.
1281 2273 1284 2279 Ι

373 2315 416 2380 Et
447 2315 575 2380 videtur
605 2314 808 2399 Lcrtaingius
841 2316 910 2399 ipse
952 2317 1149 2382 intellexisse
1187 2317 1466 2383 παιδοποιεῖσθαι

285 2425 389 2490 selum
411 2442 478 2488 uon
510 2428 582 2508 apte
609 2424 645 2486 in
676 2422 748 2506 lege
779 2424 922 2506 petuisse
959 2423 1110 2505 inscribi3
1140 2444 1206 2508 qua
1236 2424 1277 2488 de
1308 2443 1411 2490 causa
1435 2427 1467 2491 ei

284 2551 398 2598 rocem
424 2532 553 2614 γνησίως
586 2529 660 2594 addi
691 2530 771 2595 vult.
824 2531 869 2594 nt
895 2531 980 2594 hanc
1001 2535 1123 2613 vocem,
1153 2551 1217 2616 qua
1238 2531 1349 2597 addita
1372 2535 1466 2599 notio

285 2638 377 2704 verbi
399 2637 670 2701 παιδοποιεῖσθαι
688 2637 785 2720 longe
807 2638 871 2702 alia
888 2637 933 2716 fit,
956 2639 1047 2702 nulle
1065 2638 1144 2722 luco,
1167 2639 1226 2703 ubi
1244 2633 1288 2704 dc¹
1301 2639 1374 2732 lege
1393 2643 1467 2725 agi·

285 2751 349 2828 tur,
386 2745 585 2826 invenimus;
617 2744 741 2810 inillis
765 2745 850 2808 enim
873 2745 892 2826 ἓ
918 2747 995 2808 122:
1019 2741 1077 2816 τὰς
1100 2744 1135 2809 δὲ
1164 2747 1313 2826 γυναῖκας
1343 2733 1468 2828 ἔχομεν

284 2855 343 2917 τοῦ
365 2852 635 2916 παιδοποιεῖσθαι
658 2853 786 2936 γνησίως
803 2851 858 2914 καὶ
880 2853 945 2914 τῶν
966 2847 1059 2916 ἔνδον
1076 2847 1209 2933 ’φύλακα
1227 2848 1346 2940 πιστὴν
1365 2849 1466 2938 ἔχειν,

286 2959 374 3025 unde
396 2961 447 3023 vir
471 2959 583 3022 doctus
606 2978 677 3022 eam
700 2960 864 3042 prompsit,
889 2966 1001 3023 orator,
1017 2979 1084 3023 non
1106 2961 1171 3024 iam
1190 2961 1230 3025 de
1250 2961 1358 3024 verbis
1378 2962 1466 3045 legis

287 3055 372 3134 dicit
425 3065 596 3130 Praeterea
621 3066 730 3130 nescio
761 3085 802 3130 an
830 3051 1085 3150 sensucareret,
1115 3069 1146 3132 si
1169 3069 1251 3152 quis
1278 3067 1349 3152 lege
1373 3073 1467 3132 reta

285 3180 375 3240 retur
403 3174 532 3257 γνησίως
562 3171 845 3254 ποιδοποιεῖσθαι;
874 3175 936 3238 hoc
966 3176 1051 3238 enim
1081 3193 1148 3238 non
1177 3194 1252 3262 eum
1274 3171 1466 3260 Inmzingio

286 3283 424 3365 signum,
448 3279 505 3344 sed
527 3280 635 3363 potius
653 3279 727 3343 finis
750 3281 818 3344 reri
836 3282 1032 3346 matrimonii
1053 3282 1280 3366 appellandum
1303 3286 1360 3348 est.

612 3567 642 3630 2.
687 3563 735 3630 De
758 3566 829 3652 lege
851 3587 880 3652 p.
908 3569 992 3634 1363
1017 3569 1035 3650 ἓ
1082 3570 1111 3636 2.

376 3757 449 3828 Ἐὰν
480 3763 517 3826 δέ
542 3784 588 3833 τις
618 3757 699 3847 ἐκδῷ
728 3765 818 3848 ξένην
845 3771 975 3843 γυναῖκα
1000 3757 1089 3848 ἀνδρὶ
1112 3757 1266 3850 Ἀθηναίῳ
1290 3757 1331 3835 ὥς
1355 3761 1468 3852 ἑαυτῷ

288 3867 515 3956 προςήκουσαν,
541 3865 651 3950 ἄτιμος
675 3865 754 3932 ἔσται
777 3870 830 3935 καὶ
853 3863 873 3956 ἡ
896 3863 987 3935 οὐσία
1010 3865 1111 3934 αὐτοῦ
1134 3873 1269 3957 δημοσία
1293 3865 1383 3952 ἔστω,
1408 3873 1467 3936 καὶ

287 3983 346 4044 τοῦ
374 3973 500 4048 ἑλόντος
526 3972 565 4038 τὰ
591 3979 699 4060 τρίτον
726 3975 829 4061 μέροςζ
859 3969 1048 4062 γραφέσθων
1079 3977 1113 4042 δὲ
1136 3973 1218 4062 πρὸς
1240 3971 1313 4050 τούς
1341 3980 1466 4060 θεσμο-

288 4091 396 4164 θέτας,
421 4073 468 4157 οἷς
485 4079 600 4162 ἔξεστι,
619 4079 774 4176 καθάπερ
796 4088 852 4170 τῆς
876 4089 986 4160 ξενίας.

375 4211 461 4295 Lege
479 4210 686 4293 interdicitur,
713 4230 753 4274 ne
773 4212 845 4295 quis
864 4212 1032 4276 mulierem
1050 4213 1250 4296 peregrinam
1274 4213 1312 4273 ut
1328 4211 1466 4296 propin-

289 4339 385 4404 quam
409 4337 499 4382 suam
514 4319 578 4383 civi
601 4320 696 4383 attico
713 4318 916 4403 despondeat.
962 4317 1034 4382 Hac
1058 4319 1182 4382 civibus
1205 4319 1308 4383 atticis
1331 4321 1465 4382 tantum
