3102 5000
769 259 987 322 -30-„

281 437 371 501 mille
395 418 559 500 drachmas
581 437 617 498 in
640 433 773 499 Phanus
798 436 902 501 dotem
924 415 1089 500 conferret.
1131 434 1220 500 Haec
1242 437 1314 520 ipsa
1338 442 1459 500 senten-

280 545 327 608 tia
349 544 449 624 docet,
471 562 538 607 non
561 543 654 626 plane
676 545 794 608 iustam
816 544 916 607 fuisse
939 543 1094 628 Epaeneti
1118 543 1274 607 oausam.“

372 648 523 733 Denique
545 649 792 714 Westermanno
825 650 991 714 offensioni
1021 654 1068 714 est
1090 668 1155 712 vox
1186 649 1242 712 illa
1265 647 1457 730 διαλλακταί,

284 777 380 842 quam
412 758 570 840 pactionis
602 757 739 822 formula
776 757 915 841 praebet.
971 755 1123 837 „Warum
1156 775 1254 819 unser
1286 756 1457 836 Verfasser,

282 866 398 948 iuquit,
416 865 469 928 die
483 863 736 929 Schiedsriohter
753 865 822 928 hier
840 863 887 928 als
904 862 1094 926 διαλλακταί
1110 863 1261 944 auffiihrt,
1279 865 1322 926 ist
1341 864 1457 927 schwer

280 992 324 1034 zu
348 990 455 1054 sagon,
500 971 686 1055 Alierdings
709 991 817 1036 waren
837 972 883 1034 sie
901 972 1005 1034 ihrem
1024 969 1144 1034 Wesen
1162 971 1245 1035 nach
1264 968 1457 1050 draitonam,

282 1079 333 1141 ihr
356 1077 507 1142 Geschaift
530 1078 585 1141 das
609 1071 810 1141 διαλλάττειν
833 1077 865 1162 (ξ
890 1077 953 1160 70),
982 1077 1034 1140 ihr
1057 1075 1180 1160 Spruch
1208 1078 1278 1143 eine
1308 1072 1458 1162 διαλλαγή

280 1186 314 1268 (ξ
342 1183 408 1268 47),
441 1185 629 1268 gleichwohi
660 1205 727 1248 war
757 1186 826 1249 ihre
860 1184 1005 1248 officielle
1034 1183 1265 1267 Bezeichnung
1297 1184 1459 1268 διαιτηταί

282 1293 349 1356 und
374 1312 408 1356 es
430 1293 474 1355 ist
495 1292 570 1356 hein
590 1291 703 1356 Grund
727 1292 917 1374 abrusehen,
940 1311 1065 1354 waruur
1088 1293 1135 1354 sie
1157 1290 1256 1355 selbst
1278 1291 1348 1355 sich
1372 1292 1458 1354 nicht

281 1401 341 1463 mit
366 1399 468 1462 ihrem
497 1400 641 1482 eigenen,
664 1400 802 1462 sondern
825 1401 885 1462 mit
904 1399 1011 1480 jenem
1035 1398 1282 1482 allgemoinercn
1307 1397 1457 1462 Pradilrat

281 1506 467 1570 bezeichnet
489 1505 593 1569 haben
616 1505 755 1570 sollten.“
800 1505 903 1581 Quam
926 1507 1116 1570 senteutiam
1134 1504 1251 1589 probo;
1276 1505 1332 1569 sed
1359 1505 1456 1588 expli-

281 1614 348 1676 cari
371 1631 464 1695 posse
487 1616 573 1695 puto,
604 1631 663 1675 cur
684 1614 719 1674 in
741 1615 895 1696 pactionis
916 1613 1056 1676 formula
1083 1614 1181 1677 verba
1209 1610 1240 1674 οἱ
1267 1610 1458 1674 διαλλακταί

280 1724 416 1784 exstent.
471 1719 568 1782 Haud
594 1719 690 1783 dubie
713 1721 801 1783 enim
833 1721 867 1782 in
899 1721 1100 1803 pactionibus
1135 1721 1330 1804 consignatis
1365 1721 1455 1784 etiam

281 1827 413 1888 nomina
441 1825 649 1891 diaeteterum
675 1828 819 1910 ipsorum
846 1826 1112 1892 inscribebantur.
1167 1827 1327 1903 Quoniam
1351 1832 1456 1891 autern

238 2016 240 2021 .
281 1937 313 1995 et
335 1933 438 1996 hicet
458 1934 476 2013 ξ
496 1937 538 1996 47
558 1933 655 1997 iidem
676 1935 896 1998 testimoninm
920 1934 1038 2015 dicunt,
1063 1936 1119 2018 qui
1138 1940 1232 1999 antea
1250 1933 1456 1999 diaetetarum

280 2058 414 2102 munere
435 2039 538 2102 functi
561 2046 664 2123 erant,
692 2047 788 2125 atque
810 2042 910 2124 igitur
938 2060 1049 2104 eorum
1072 2042 1205 2105 nomina
1226 2043 1292 2104 iam
1315 2042 1352 2103 in
1376 2043 1457 2104 testi·

280 2147 398 2208 moniis
420 2147 645 2228 inveniuntur,
673 2167 745 2211 mea
767 2149 924 2211 sententia
946 2147 1098 2212 librarius
1122 2149 1240 2232 aliquis
1270 2149 1402 2211 nomina
1424 2149 1456 2209 in

279 2250 482 2335 pactionibus
505 2253 662 2316 inutiliter
684 2255 786 2337 repeti
808 2254 913 2317 noluit
932 2259 962 2318 et
983 2254 1039 2318 illo
1062 2255 1132 2318 loco
1157 2274 1195 2318 ea
1217 2255 1314 2338 plane
1339 2255 1451 2333 omisit,

279 2359 340 2422 hoc
364 2365 468 2423 autem
493 2379 550 2443 pro
579 2360 618 2422 iis
642 2361 768 2443 scripsit
792 2358 821 2421 οἱ
845 2359 1035 2424 διαλλακταί
1041 2385 1047 2440 ;
1074 2362 1160 2454 quod
1183 2363 1290 2446 ipsum
1320 2379 1395 2424 eum
1418 2379 1456 2423 er

278 2466 459 2528 testimonio
483 2466 683 2530 antecedenti
705 2469 898 2551 prompsisse
922 2471 1088 2550 existimo,
1114 2471 1149 2532 in
1178 2488 1241 2551 quo
1272 2469 1455 2531 invenimus

277 2571 333 2633 καλ
373 2565 466 2634 αὐτοὶ
503 2571 735 2636 διαλλακταὶ
773 2568 936 2653 γενόμενοι
973 2569 1140 2649 διαλλάξαι
1180 2567 1367 2638 Ἐπαίνετον
1404 2574 1454 2636 καὶ

279 2682 450 2759 Στέφανον.
491 2680 703 2764 Apollodorus
722 2686 829 2744 autem
847 2683 1065 2752 testimonium
1083 2681 1287 2745 conscribens
1307 2682 1454 2746 diaetetes

279 2785 334 2847 iiio
357 2787 488 2851 nomine
507 2788 665 2871 appellare
687 2789 818 2871 potum)
849 2806 955 2870 neque
982 2789 1017 2852 iu
1045 2789 1104 2851 hac
1132 2807 1166 2851 re
1189 2787 1454 2853 Westermannus

277 2891 447 2957 offendisse
470 2895 604 2958 videtur.

555 3074 604 3136 12.
650 3070 770 3135 Datos
772 3073 959 3157 imoniop
985 3075 1069 3137 1373
1095 3073 1113 3154 ξ
1139 3075 1189 3136 84

370 3215 525 3298 Θεογένης
552 3207 688 3295 Ἐρχιενς
720 3220 893 3295 μαρτυρεῖ,
926 3207 980 3276 ὅτε
1013 3207 1109 3286 αὗιδς
1145 3209 1322 3296 ἐβασίλευε,
1360 3235 1452 3297 γρμαι

187 3341 189 3346 ’
280 3313 418 3383 Φανώί
396 3341 436 3390 ως
451 3314 617 3400 Στεφάνου
633 3306 730 3382 οὖσαν
743 3315 951 3442 θυγατέρα),
935 3340 1009 3382 επει
1001 3319 1074 3382 δὲ
1072 3316 1190 3408 ᾔσθετο
1208 3300 1450 3406 εξηπατημὲνος,

277 3419 335 3510 τήν
357 3446 393 3488 τε
419 3421 595 3509 ἄνθρωπον
617 3420 763 3507 ἐκβαλεῖν
792 3427 846 3488 καὶ
876 3419 980 3488 odacro
1012 3435 1167 3490 συνοικεῖν
1195 3419 1284 3514 adep,
1308 3427 1362 3489 καλ
1384 3429 1450 3490 Σιέ

274 3552 380 3611 φανον
404 3525 564 3595 ἀπελάσαι
584 3526 650 3596 άπὸ
670 3536 724 3619 τῆς
747 3532 924 3617 παρεδρίας
946 3533 1000 3596 καὶ
1019 3527 1077 3596 οὐκ
1100 3529 1157 3596 ε’άν
1175 3528 1223 3596 ἔτι
1241 3526 1450 3616 παρεδρεύειν

274 3630 373 3724 αὑτῷ.

366 3745 476 3810 Phano
500 3747 587 3810 iilam
607 3737 811 3813 aPhrastore
831 3749 995 3812 dimissam
1012 3747 1195 3832 Theogenes
1215 3748 1356 3832 quidam,
1380 3767 1449 3812 cum

276 3871 411 3916 munere
430 3855 590 3918 archontis
609 3855 694 3938 regis
712 3854 914 3939 fungebatur,
932 3856 968 3918 in
986 3856 1225 3919 matrimonium
1241 3855 1337 3918 duxit
1355 3855 1449 3918 idem·

265 3977 340 4040 ‘que
364 3957 560 4044 Stephanum
584 3955 746 4044 πάρεδρον
773 3962 835 4026 sibi
859 3963 1003 4045 sumpsit.
1055 3960 1157 4024 Paulo
1187 3966 1292 4024 autem
1321 3967 1394 4046 post
1421 3966 1448 4022 et

275 4085 411 4131 uxorem
434 4067 614 4151 repudiavit
638 4073 670 4134 et
688 4068 885 4154 Stephanum
909 4087 1042 4134 munere
1061 4070 1170 4134 movit.
1217 4066 1310 4143 Quod
1337 4067 1447 4151 quibus

366 4318 385 4386 ¹)
406 4317 456 4371 cu.
477 4314 947 4389 nanosth.01·at.xxxxvm§
968 4321 991 4370 2.
